2456 3884
373 308 474 354 xvm.
509 309 679 358 auxanus.
701 305 778 356 s-r.
1017 295 1059 360 75

91 442 239 506 mirabile
272 446 322 506 est
353 443 472 525 vuum,
510 447 547 506 ut
578 464 678 526 acque
710 445 854 508 iumenta
884 443 988 508 nitida
1019 462 1058 507 ex

90 526 225 590 castello
239 525 398 609 educeret,
421 547 494 590 cum
509 527 688 610 complures
702 549 827 592 menses
841 528 877 592 in
892 527 1058 592 obsidione

88 610 215 691 suimet,
237 630 275 672 ac
298 611 326 674 si
347 611 382 673 in
397 611 633 693 campestribus
656 631 694 674 ea
713 610 793 675 locis
812 611 985 675 habuisset.
1022 611 1086 674 int

88 693 152 757 hac
173 693 398 776 conclusione,
422 695 707 790 quotienscumque
728 694 847 778 voluit,
869 696 1059 778 apparatum

92 781 125 841 et
146 777 346 841 munitiones
367 777 527 862 Antigoni
549 778 628 841 alias
649 779 801 860 incendit,
824 778 903 842 alias
926 778 1058 842 disiecit

1 872 2 875 ’
90 861 200 924 tenuit
218 864 327 924 autem
346 882 381 924 se
398 882 464 925 uno
484 861 566 943 loco,
589 861 741 944 quamdiu
755 862 858 926 hiems
878 861 950 944 fuit,
973 860 1060 944 quod

91 947 196 1010 castra
216 945 277 1009 sub
300 944 374 1009 divo
395 945 514 1008 habere
535 965 603 1009 non
624 949 760 1028 poterat
804 966 861 1009 ver
887 945 1059 1042 appropin-

91 1029 226 1110 quabat:
258 1028 410 1092 simulata
435 1028 612 1111 deditione,
648 1029 724 1092 dum
751 1030 790 1092 de
817 1027 1058 1093 condicrombus

89 1115 222 1195 tractat,
249 1111 420 1195 praefaciis
440 1112 605 1197 Antigoni
626 1113 780 1195 imposuit
806 1133 903 1195 seque
925 1133 962 1176 ao
983 1132 1059 1176 suos

91 1215 205 1260 omnes
226 1197 364 1260 extraxit
383 1196 569 1262 incolumes.

180 1277 233 1340 Ad
245 1281 331 1344 hunc
347 1277 521 1363 Olympias,
543 1283 646 1344 mater
660 1301 741 1362 quae
755 1279 861 1344 fuerat
874 1278 1058 1360 Alexandri,
1074 1278 1095 1342 6

90 1379 168 1426 earm
196 1361 318 1428 litteras
348 1366 381 1427 et
411 1364 544 1428 nuntios
571 1364 711 1428 misisset
736 1365 771 1427 in
800 1363 913 1427 Asiam
933 1362 1058 1426 oonsul-

90 1450 176 1528 tum,
210 1449 318 1510 utrum
349 1467 486 1532 regnum
508 1448 681 1531 repetitum
706 1447 742 1511 in
763 1445 985 1512 Macedoniam
1005 1466 1058 1508 ve·

1 1590 2 1597 ,
90 1530 179 1594 niret
200 1529 290 1613 (nam
311 1534 381 1594 tum
402 1533 437 1594 in
451 1529 552 1615 Epiro
566 1531 746 1616 habitabat)
768 1535 801 1596 et
821 1553 875 1596 eas
896 1551 947 1596 res
966 1549 1057 1594 occu·

90 1616 200 1696 paret,
228 1613 306 1678 huic
332 1615 387 1678 ille
455 1616 462 1629 '
498 1636 553 1679 um
579 1615 694 1697 suasit,
724 1635 765 1678 ne
793 1636 827 1680 se
854 1617 998 1680 moveret
1024 1616 1087 1678 eta

93 1701 301 1781 exspectaret,
325 1718 410 1780 quoa
451 1697 628 1762 Alexandri
648 1699 734 1761 filim
755 1719 891 1782 regnum
905 1698 1057 1781 adipisca-

91 1785 196 1845 retur:
219 1783 271 1846 sin
285 1782 394 1865 alique
408 1781 581 1865 cupiditate
596 1785 760 1864 raperetur
777 1781 813 1843 in
825 1780 1056 1862 Macedoniam,

1 1895 2 1924 ;
93 1865 337 1932 oblivisceretur
368 1867 514 1931 omnium
544 1865 735 1929 iniuriarum
766 1866 800 1926 et
829 1864 866 1926 in
895 1864 1057 1926 neminem

1 1982 2 2020 3
92 1948 256 2014 acerbiore
287 1952 431 2013 uteretur
456 1949 602 2032 imperio.
644 1949 761 2012 horum
782 1946 839 2010 illa
859 1945 942 2009 nihil
963 1945 1086 2009 fecitte

90 2054 170 2096 nam
199 2033 287 2096 etin
307 2031 527 2099 Macedoniam
549 2031 695 2114 profecta
716 2034 765 2094 est
788 2034 821 2094 et
841 2030 888 2093 ibi
908 2029 1057 2093 crudelis·

1 2115 2 2118 ’
90 2117 175 2179 sime
198 2117 358 2200 sogessit.
394 2117 490 2200 petiit
510 2119 618 2180 autem
639 2117 679 2179 ab
694 2113 839 2180 Eumene
853 2114 994 2196 absente,
1015 2129 1057 2176 ne

91 2202 258 2282 pateretur
277 2198 422 2283 Philippi
449 2199 565 2264 domus
588 2220 626 2264 ac
651 2198 793 2264 familiae
820 2197 1058 2262 inimicissimos

92 2283 227 2366 stirpem
257 2304 385 2366 quoque
415 2283 614 2367 interimere,
640 2283 802 2366 ferretque
829 2303 924 2365 opem
948 2281 1058 2346 liberis

92 2367 277 2430 Alexandri.
328 2388 425 2450 quam
452 2367 580 2431 veniam
603 2367 632 2430 si
660 2365 763 2446 daret,
797 2386 892 2448 quam
916 2365 1087 2448 primuma

1 2457 2 2519 i
93 2451 251 2514 exercitus
278 2455 421 2533 pararet,
449 2472 529 2534 quos
551 2450 613 2514 sibi
634 2447 776 2512 subsidio
803 2447 981 2511 adduceret.
1024 2446 1058 2509 id

1 2525 10 2573 ³·
92 2555 158 2616 quo
179 2532 307 2598 facilius
333 2534 468 2616 faceret,
495 2555 529 2599 se
552 2533 700 2597 omnibus
725 2530 910 2614 praefectis,
938 2530 995 2613 qui
1022 2530 1057 2592 in

1 2695 2 2702 ἵ
93 2616 203 2682 officio
236 2617 431 2700 manebant,
458 2617 581 2682 misisse
613 2616 752 2698 litteras,
782 2618 820 2679 ut
850 2615 881 2679 ei
907 2618 1058 2698 parerent

1 2721 2 2774 g
92 2701 225 2784 eiusque
245 2701 389 2766 consiliis
410 2704 586 2765 uterentur.
622 2700 673 2763 his
694 2699 790 2763 rebus
805 2698 966 2763 Eumenes
987 2710 1087 2780 per-o

1 2784 9 2844 {-
91 2787 200 2849 motus
233 2784 332 2848 satius
365 2784 470 2867 duxit,
505 2785 533 2848 si
554 2785 600 2848 ita
626 2783 752 2848 tulisset
780 2781 926 2864 fortuma,
952 2781 1057 2864 perire

94 2870 176 2932 bene
212 2868 336 2932 meritis
373 2867 564 2932 referentem
596 2867 733 2952 gratiam
766 2887 863 2948 quam
893 2865 1057 2947 ingratum

1 2998 2 3018 r
92 2953 210 3015 vivere.

177 3035 294 3118 Itaque
313 3037 422 3119 copias
443 3037 619 3118 contraxit,
642 3035 762 3098 bellum
790 3031 940 3095 adversus
964 3033 1092 3096 Anti-7

90 3137 216 3202 2...
230 3114 1067 3267 rs...

89 3201 616 3351 iiiiiidislais'·mcuu1iautem
636 3222 804 3348 obbiiiebat
823 3220 1002 3366 ilrrsidem,
1025 3288 1059 3346 et
1154 3283 1159 3295 “

77 3371 282 3454 Antigenes,
309 3371 399 3434 cuius
421 3371 480 3434 sub
501 3369 637 3453 imperio
659 3366 801 3450 phalanx
822 3371 891 3430 erat
911 3365 1058 3430 Macedo-

87 3473 184 3535 num,
217 3454 373 3518 invidiam
403 3474 517 3518 verens
561 3473 657 3535 quam
678 3455 787 3514 tamen
819 3451 957 3534 effugere
988 3469 1057 3513 non

86 3537 208 3621 potuit,
231 3538 259 3602 si
280 3539 389 3621 potius
411 3539 479 3620 ipse
501 3501 682 3620 alienigena
696 3535 812 3600 summi
834 3532 960 3615 imperii
974 3531 1056 3614 poti·
