2456 3884
170 252 213 354 ³?
424 265 499 312 vni.
531 261 787 311 unsnsnnonus.
812 256 836 307 1.
855 257 882 309 ι

397 495 495 577 vin.
547 497 905 598 nnnnsneuuus
1032 523 1037 532 ·

137 657 152 720 1
255 651 483 736 Thrasybulus,
502 650 582 735 Lyci
602 649 697 732 filius,
718 647 935 713 Atheniensis.
972 646 1079 730 siper
1101 667 1134 712 se

172 739 273 802 virtus
294 736 364 800 sine
385 734 517 801 fortune
537 732 827 819 ponderandam,
849 730 960 796 dubito
982 751 1026 796 en
1047 731 1135 796 hune

195 822 311 886 nimum
326 820 471 884 omnium
484 840 613 903 ponens
657 815 738 881 illud
750 816 820 881 eine
838 814 950 880 dubio:
972 815 1135 880 neminem

172 845 251 971 iuie'
269 904 416 989 praefero
437 902 515 986 fide,
547 901 744 984 constantin,
775 897 998 985 magnitudine
1024 900 1135 982 enimi,

93 1061 97 1069 ,
143 990 209 1054 ein
229 991 367 1072 petuam
381 1009 499 1053 umore.
536 1007 612 1051 nem
634 984 720 1069 quod
733 981 828 1048 multi
843 983 1015 1048 voluerunt
1026 985 1135 1067 penei·

86 1099 100 1117 ν’
175 1093 237 1158 que
250 1075 436 1170 potuerunt,
451 1071 491 1136 eb
506 1092 572 1136 nno
587 1075 727 1154 tyn-enno
747 1067 885 1152 petriam
898 1067 1044 1164 liberere,
1057 1067 1136 1165 huie

173 1157 312 1254 contegit
353 1159 391 1221 ut
418 1156 594 1240 etriginte
621 1173 805 1238 oppressam
825 1156 972 1236 tyrannus
998 1172 1136 1216 esem-

143 1245 243 1307 etute
263 1262 299 1304 ιιι
312 1207 493 1306 iibertetem
515 1238 699 1303 vindioeret.
736 1235 791 1302 sed
812 1236 919 1302 nescio
942 1257 1006 1320 quo
1026 1235 1149 1319 modu·

172 1347 247 1390 oum
268 1346 342 1389 eum
361 1345 457 1389 nemo
479 1324 617 1389 anteiret
641 1322 693 1385 his
714 1320 900 1404 virtutibus,
928 1320 1020 1385 multi
1040 1321 1136 1385 nobi-

171 1409 262 1473 litate
306 1411 577 1472 reeenourrerunt.
630 1406 769 1490 primum
790 1403 1022 1488 Peloponnesio
1045 1403 1136 1468 bello

172 1492 274 1556 multe
283 1431 349 1555 1iiie
370 1491 439 1588 sine
453 1490 619 1588 Aloibinde
634 1490 741 1574 gessit,
755 1489 817 1587 ‚ille
838 1489 962 1554 nullum
974 1508 1042 1552 rem
1064 1489 1136 1586 sine
1218 1557 1219 1588 1

172 1577 249 1640 hoe:
275 1595 356 1659 quoe
377 1575 432 1638 ille
454 1595 604 1639 umverse
624 1573 764 1638 naturali
785 1573 924 1656 quodem
948 1573 1035 1638 bono
1057 1571 1137 1638 feeit
1218 1589 1220 1666 ι

142 1659 265 1727 elueri.
308 1657 364 1724 sed
384 1659 441 1724 ille
462 1662 571 1723 temen
598 1659 707 1723 omnia
733 1658 915 1724 eommunia
935 1657 1135 1741 imperatori-

171 1745 232 1810 bus
253 1764 326 1808 oum
347 1743 502 1808 militibus
523 1746 557 1807 et
581 1742 727 1826 fortune,
755 1741 842 1824 quod
866 1743 905 1806 in
922 1741 1038 1824 proelii
1060 1762 1135 1806 eon·

173 1849 266 1893 eursu
293 1827 362 1892 abit
387 1848 438 1891 res
459 1848 479 1891 e
499 1827 634 1892 oonsilio
663 1825 703 1891 ed
729 1826 812 1890 vires
839 1826 1055 1908 virtutemque
1075 1847 1135 1908 pu·

173 1911 352 1998 guentium.
395 1911 504 1998 iteque
526 1911 595 1975 iure
617 1932 675 1976 suo
697 1908 855 1975 nonnulle
880 1909 920 1972 eb
941 1909 987 1972 im
1011 1911 1134 1974 eretere

172 1996 274 2079 miles,
296 1995 435 2078 plun'me
455 2016 532 2060 vero
554 1995 686 2060 fortune
699 1993 849 2076 vindicet,
871 2013 968 2077 seque
1016 1993 1023 2006 '
1062 1993 1135 2078 plus

172 2080 310 2144 valuisse
333 2078 441 2164 [quem
468 2079 557 2143 ducis
585 2076 799 2164 prudentiam]
821 2097 895 2142 vere
917 2079 1025 2160 potest
1044 2097 1135 2161 pree

143 2163 288 2226 edicere.
338 2181 435 2244 quere
449 2160 530 2225 illud
549 2161 899 2246 megnifioentiesimum
920 2161 1041 2226 foetum
1062 2182 1137 2245 pro

172 2245 279 2330 prium
306 2248 356 2342 est
381 2244 582 2329 Thrasybuli.
625 2267 712 2343 'nem
739 2267 811 2342 cum
838 2246 973 2331 triginta
992 2247 1136 2330 tyranni,

171 2327 1138 2512 eupiunueusuunttuuunus:

171 2501 258 2563 seret
277 2499 424 2581 fortune,
445 2503 563 2582 purtim
600 2500 683 2563 atria
697 2498 893 2580 expuhssent
904 2498 1023 2581 partim
1036 2497 1139 2562 inter-

171 2582 333 2665 feoissent‚
347 2582 560 2664 plurimorum
576 2521 668 2648 ione
680 2581 843 2666 publicata
857 2582 941 2647 inter
962 2603 996 2647 se
1011 2581 1140 2648 divisis·

172 2667 260 2749 sent,
292 2684 360 2728 non
393 2664 497 2729 solum
526 2667 690 2750 princeps,
723 2666 779 2730 sed
806 2668 903 2731 etium
930 2666 1018 2732 solue
1038 2666 1139 2734 initio

173 2749 296 2815 bellum
316 2747 356 2812 iis
378 2747 503 2813 indixit.

135 2835 157 2900 2
257 2832 320 2898 Hie
348 2833 434 2898 enim
468 2853 541 2896 enm
573 2832 698 2917 Phylen
728 2834 940 2920 confugisset,
973 2834 1066 2919 quod·
1089 2841 1142 2900 est

172 2918 339 2984 castellum
360 2917 396 2982 in
416 2917 526 2982 Attice
547 2918 811 3003 munitissimum,
838 2940 906 2985 non
928 2919 1001 3004 plus
1022 2919 1142 2984 habuit

173 3022 281 3066 seeum
301 3003 438 3088 triginta
460 3000 498 3066 de
513 3001 588 3066 suis.
620 3001 682 3067 hoo
697 3002 826 3067 initium
840 3002 905 3068 fuit
925 3003 1037 3068 uelutis
1051 3003 1143 3068 Atti·

141 3097 294 3167 ιοοιιιιιι,
316 3085 379 3151 hoo
399 3087 499 3151 robur
516 3085 881 3154 libertatisnleuissimee
897 3088 1045 3153 civitatis.
1082 3087 1142 3152 n'e-

173 3189 234 3253 que
257 3189 333 3233 vero
362 3168 415 3233 hie
437 3191 504 3235 non
526 3157 728 3258 contemptus
751 3175 800 3236 est
821 3173 926 3256 primo
948 3193 967 3236 e
988 3171 1142 3255 tyrannis

172 3256 268 3336 etque
296 3252 363 3316 eius
385 3252 533 3318 solitudo
579 3275 660 3339 quee
688 3255 817 3338 quidem
837 3277 889 3322 res
916 3259 950 3322 et
969 3255 1035 3320 iilis
1056 3275 1142 3321 oon·

173 3336 393 3401 temnentibus
418 3338 573 3419 perniciei
604 3341 637 3404 et
664 3338 740 3404 huie
762 3340 910 3426 despecto
939 3340 1036 3407 seiuti
1062 3339 1143 3405 fuit:

172 3420 252 3486 heeo
275 3419 364 3484 enim
384 3420 459 3485 illos
479 3441 593 3507 segnes
615 3421 656 3487 ed
669 3424 932 3509 persequendum,
954 3424 1015 3490 hos
1029 3427 1145 3490 nutem

141 3509 317 3590 ntempore
332 3503 373 3568 ed
388 3505 638 3588 comparendum
654 3507 728 3572 dete
743 3508 821 3574 feeit
833 3509 1037 3575 robustiores.
1072 3528 1144 3592 quo
