2456 3884
149 203 192 268 48
422 215 498 263 1111.
534 210 746 262 amuranus.
769 208 794 258 e.
815 209 840 258 e

120 356 235 418 resset
259 372 317 436 per
342 370 397 416 eos
418 349 534 414 amissa
554 370 648 433 posse
675 348 864 432 recuperari.
908 347 933 412 ii
959 367 1036 412 cum
1062 345 1119 413 sa·

150 458 239 502 mum
253 435 389 520 profecti
403 437 509 500 essent
523 436 556 498 et
577 432 689 500 eodem
704 431 824 498 Chares
832 431 964 514 illorum
975 429 1119 497 adventu

150 521 281 607 cognito
303 540 375 583 cum
396 519 462 582 suis
483 517 584 601 copiis
605 515 873 600 proficisceretur,
897 535 939 580 ne
962 514 1043 598 quid
1064 516 1120 580 ah

150 609 240 670 sente
262 624 296 700 se
318 604 444 687 gestum
465 599 640 684 videretur,
663 598 792 682 accidit,
819 619 892 663 cum
914 598 954 663 ad
976 599 1121 664 insulam

150 688 507 836 reserenari:
518 685 998 863 stampenses·
1020 704 1121 832 effi

119 869 137 917 r
151 855 284 919 classem
298 856 552 937 suppresserunt.
588 854 622 916 at
638 851 694 914 ille
708 853 877 915 temerans
891 871 968 914 usus
989 851 1121 916 ratione

150 959 219 1003 non
245 938 341 1002 cessit
366 937 524 1002 maiorum
549 938 629 1000 natu
655 933 852 1016 auctoritati,
885 934 1033 998 velutin
1062 957 1120 1000 sua

151 1043 250 1086 mauu
286 1025 370 1087 esset
403 1020 544 1086 fortuna.
606 1039 670 1102 quo
704 1016 925 1100 contenderat,
957 1020 1120 1101 peruenit,

151 1105 326 1189 eodemque
356 1109 394 1171 ut
418 1105 642 1188 sequerentur,
670 1101 710 1166 ad
736 1101 942 1166 Timotheum
970 1105 1003 1167 et
1027 1095 1119 1186 Iphi·

151 1195 260 1256 craten
281 1189 431 1254 nantum
457 1187 554 1252 misit.
594 1185 671 1250 hinc
691 1185 775 1250 male
796 1206 831 1250 re
852 1189 952 1270 gesta,
974 1187 1120 1270 comptus

152 1275 241 1340 ribus
268 1273 393 1338 amissis
421 1271 557 1336 navibus
584 1287 639 1353 eo,
667 1269 752 1334 unde
782 1273 850 1332 erat
875 1269 1055 1354 profectus,
1084 1292 1121 1335 se

151 1357 471 1504 {ecepitslitterasqne
485 1353 780 1501 getthenusffiubgicle1
785 1352 882 1500 utul'lsit,
898 1353 1121 1502 Sii'ilpiiffiii

166 1462 250 1505 nisse
295 1458 683 1520 amumoapre,n1s1a
782 1457 919 1500 oeoe
969 1458 1086 1520 pera

122 1525 295 1588 odesertus
322 1524 413 1586 esset.
461 1521 601 1604 populus
628 1541 701 1584 acer
747 1519 894 1603 suspicax
918 1522 960 1585 ob
982 1543 1121 1606 eamque

151 1627 219 1671 rem
238 1604 376 1688 mobilis,
391 1603 600 1686 adversarius,
622 1569 750 1668 invisius
773 1602 882 1690 [etiam
895 1605 1063 1687 potentiae
1084 1609 1120 1670 in

152 1691 274 1755 crimen
288 1687 501 1786 vocabantur]
519 1687 649 1753 domum
670 1691 814 1752 revocat:
836 1693 1028 1766 accusantur
1044 1711 1120 1774 pro·

153 1774 293 1840 ditionis.
329 1773 392 1840 hoc
406 1771 524 1837 iudicio
539 1771 708 1836 damnatur
721 1770 910 1836 Timotheus
927 1772 1034 1855 lisque
1049 1775 1118 1840 eius

153 1859 338 1924 aestimatur
359 1860 488 1922 centum
507 1856 647 1932 talentis.
698 1854 754 1918 ille
776 1854 849 1920 odio
872 1856 1019 1940 ingratae
1041 1859 1119 1922 civi·

152 1943 232 2007 tatis·
250 1945 379 2008 coactus
401 1939 584 2010 Chalcidem
605 1961 639 2005 sc
661 1939 807 2004 contulit.

116 2026 137 2090 4
235 2025 341 2090 Huius
371 2029 445 2107 post
476 2027 612 2088 mortem
644 2043 717 2087 cum
747 2023 904 2170 pogulum
932 2023 1044 2088 iudicii
1067 2027 1119 2090 sui

151 2109 344 2192 paeniteret,
370 2107 491 2170 multae
516 2126 634 2171 novem
659 2109 768 2189 partes
811 2107 927 2172 etraxit
952 2111 984 2172 et
1004 2107 1119 2174 decem

151 2192 273 2255 talenta
288 2189 463 2272 Cononem,
484 2189 587 2253 filium
608 2189 687 2272 eius,
709 2189 750 2254 ad
763 2191 848 2256 muri
869 2191 1030 2275 quandam
1042 2215 1119 2277 par·

151 2280 218 2358 tem
232 2271 435 2338 reficiendam
449 2272 542 2338 iussit
555 2272 640 2338 dare.
676 2274 712 2339 in
733 2295 798 2358 quo
812 2275 962 2340 fortunae
975 2277 1119 2342 varietas

153 2363 202 2425 est
222 2357 451 2424 animadversa.
503 2378 579 2422 nam
600 2377 681 2442 quos
703 2379 781 2423 avus
803 2358 917 2425 Conon
943 2381 1054 2425 muros
1078 2383 1121 2427 ex

152 2444 295 2508 hostium
308 2441 427 2526 praeda
439 2441 562 2525 patriae
576 2443 769 2526 restituerat,
785 2441 912 2507 eosdem
925 2463 1028 2540 nepos
1042 2466 1120 2510 cum

153 2547 278 2590 summa
304 2525 483 2610 ignominia
508 2525 650 2590 familiae
672 2547 710 2590 ex
731 2547 790 2591 sua
809 2547 844 2590 re
870 2525 1024 2592 famihari
1044 2531 1120 2594 refi-

122 2621 224 2674 rcere
246 2613 374 2673 coactus
396 2612 452 2672 est.
489 2607 650 2674 Timothei
671 2613 778 2675 autem
791 2609 973 2676 moderatae
989 2612 1120 2695 sapien-

151 2694 258 2778 tisque
278 2691 363 2756 vitae
384 2712 458 2754 cum
471 2691 625 2777 pleraque
637 2693 796 2777 possimus
814 2693 959 2777 proferre
972 2697 1119 2762 testimo-

59 2867 64 2872 *
153 2779 229 2928 mii
245 2798 311 2927 utne
334 2775 451 2840 erimus
473 2777 740 2926 contenti,fquo‹ti
761 2798 800 2840 ex
821 2798 859 2842 eo
877 2777 976 2926 {steila
993 2781 1118 2928 pogii&

177 2885 196 2928 o
230 2885 258 2927 rr
340 2880 527 2924 uamcarus
549 2881 614 2924 suis
651 2882 742 2925 ueri.
785 2881 857 2926 cnm
950 2883 1017 2928 ems
1106 2902 1118 2912 -

153 2883 348 3010 ieseentirhis
369 2965 496 3010 causam
521 2943 654 3027 diceret,
675 2944 868 3010 nouaclum
890 2947 984 3010 amici
1009 2888 1118 3031 privii·

151 3028 242 3111 tique
256 3029 398 3112 hospites
421 3027 461 3092 ed
476 3049 547 3093 eum
563 3027 795 3093 defendendum
808 3036 1038 3115 convenerunt,
1059 3033 1121 3099 sed

155 3111 251 3175 etiam
273 3111 308 3174 iu
323 3113 368 3175 eis
382 3111 487 3195 Iason,
508 3115 665 3196 tyrannus
680 3110 872 3198 Thessaliae,
894 3113 951 3197 qui
964 3115 1021 3179 illo
1036 3119 1120 3182 tem·

120 3207 233 3278 apere
254 3192 318 3258 fuit
339 3197 483 3260 omnium
503 3195 752 3280 potentissimus.
794 3195 847 3261 hic
869 3218 942 3262 cum
960 3198 996 3264 in
1033 3201 1123 3268 atria

153 3279 222 3344 sine
243 3276 434 3342 satellitibus
455 3301 489 3344 se
508 3283 615 3344 tutum
635 3301 704 3356 non
725 3280 946 3366 arbitraretur,
968 3285 999 3346 A
1039 3294 1121 3350 enas

152 3365 222 3428 sine
244 3361 310 3426 ullo
332 3360 490 3446 praesidio
512 3365 603 3428 venit
622 3364 768 3447 tantique
788 3364 948 3448 hospitem
969 3367 1056 3450 fecit,
1079 3373 1121 3433 ut

151 3447 262 3513 mallet
284 3465 318 3510 se
340 3443 452 3528 capitis
471 3446 648 3528 perieulum
665 3447 752 3528 adire
772 3468 868 3531 quam
882 3447 1053 3516 Timotheo
1075 3451 1119 3517 de
