2456 3884
350 207 436 255 xvn.
472 208 674 258 1111111111.
703 207 727 256 a
749 207 774 256 s.
999 199 1039 262 67

68 344 283 407 trimenstres.
327 341 446 406 iuravit
467 345 574 408 autern
595 346 729 428 uterque
751 366 785 408 se
805 346 874 410 sine
895 345 969 411 dolo
991 349 1070 411 ins
1205 363 1207 422 ξ

70 427 185 491 ducias
207 429 480 492 conservaturum.
524 426 559 490 in
582 447 646 510 que
661 429 811 511 pactione
833 451 957 494 summa
978 431 1040 495 fide

70 512 195 576 mansit
208 509 396 658 Affesileus:
419 513 531 575 contra
552 532 590 576 ea
604 511 833 595 Tissaphernes
848 514 931 577 nihil
953 514 1041 579 aliud

70 616 171 678 quam
193 594 232 658 be
258 615 314 658 um
336 595 542 677 comparavit.
578 595 612 659 id
626 596 686 660 etsi
703 598 861 662 sentiebat
875 597 970 682 Laco,
992 602 1069 663 tas

70 699 147 742 men
162 677 386 742 iusiurandum
407 678 555 742 servabat
575 679 775 764 multumque
797 681 833 745 in
854 702 892 746 eo
914 703 948 746 se
966 703 1040 747 con-

71 761 164 845 sequi
187 762 323 844 dicebat,
347 762 433 845 quod
447 761 676 846 Tissaphernes
690 765 831 847 periurio
853 786 911 829 suo
934 769 968 830 et
982 767 1040 830 ho-

71 848 176 910 mines
209 847 276 910 suis
308 846 404 909 rebus
442 846 638 911 abalienaret
672 850 706 911 et
737 848 811 913 deos
843 849 904 912 sibi
940 850 1040 914 iratos

71 929 234 1014 redderet,
266 950 299 994 se
321 932 428 995 autem
457 931 823 1016 conservata-religione
850 933 1039 998 continuare

75 1015 266 1097 exercitum,
289 1034 363 1078 cum
385 1014 652 1079 animaduerteret
673 1014 768 1079 deum
787 1037 908 1081 numen
934 1017 1039 1082 faeere

73 1119 198 1181 secum,
225 1098 436 1181 hominesque
464 1098 526 1162 sibi
551 1099 716 1164 conciliari
743 1101 924 1183 amiciores,
953 1103 1039 1184 quod

72 1184 114 1329 {lis
142 1182 267 1330 ststrdere
296 1186 517 1266 consuessent,
545 1203 626 1266 quos
654 1204 842 1253 conservare
873 1184 965 1248 tidem
993 1186 1039 1249 ri-

98 1287 199 1330 eren.

159 1350 336 1434 Postquam
358 1351 557 1414 induciarum
584 1352 749 1434 praeteriit
776 1350 857 1436 dies,
886 1353 1075 1418 barbarus3

73 1456 141 1500 non
174 1434 341 1518 dubitans,
371 1434 458 1517 quod
484 1435 585 1517 ipsius
608 1439 699 1500 erant
717 1435 857 1519 plurime
878 1435 1039 1502 domicilia

73 1521 109 1583 in
131 1517 225 1583 Caria
247 1523 280 1582 et
302 1539 340 1582 ea
360 1519 450 1602 regio
474 1518 514 1582 iis
534 1520 732 1604 temporibus
747 1521 850 1585 multo
864 1521 1039 1604 putabatur

73 1603 335 1688 locupletissima,
358 1623 396 1667 eo
411 1603 614 1686 potissimum
636 1603 745 1669 hostes
759 1605 915 1688 impeturn
936 1605 1038 1670 iactu·

5 1691 6 1764 ³
73 1708 359 1856 1113193111
379 1687 1067 1856 1111111111111111·

75 1852 133 1939 est,
177 1877 252 1920 uum
273 1854 502 1940 Tissaphernes
523 1876 658 1938 usquam
679 1875 713 1920 se
727 1859 880 1919 moveret.
919 1876 1055 1940 magna.

6 1973 8 1980 v
73 1878 192 2024 praeis
228 1939 384 2004 militibus
422 1937 625 2023 locupletatis
657 1937 823 2022 Ephesum
860 1939 1038 2003 hiematum

7 2099 8 2106 ἵ
72 2024 250 2088 exercitum
270 2023 397 2088 reduxit
418 2026 515 2107 atque
535 2023 582 2087 ibi
604 2021 742 2087 officinis
764 2043 926 2087 armorum
947 2024 1038 2086 insti-

7 2133 10 2148 *
71 2108 155 2172 tutis
169 2128 286 2192 magna
304 2105 462 2171 industria
475 2106 596 2172 bellum
611 2108 787 2190 apparavit.
831 2111 865 2171 et
885 2128 950 2191 quo
972 2110 1038 2172 stu·

9 2255 10 2260 ,
73 2192 193 2256 diosius
215 2195 415 2256 armarentur
429 2191 651 2276 insigniusque
673 2194 873 2274 ornarentur,
895 2192 1038 2273 praemis

73 2276 254 2359 proposuit,
293 2275 409 2359 quibus
439 2275 635 2340 donarentur
682 2297 820 2358 quorum
846 2277 974 2372 egregia
1001 2277 1037 2339 in

10 2417 11 2430 ,
73 2382 108 2423 11
128 2380 165 2423 11
185 2359 300 2424 fuisset
313 2358 480 2424 industria.
517 2359 595 2423 lecit
616 2325 701 2422 idem
720 2359 756 2421 in
771 2361 1066 2422 exercitahonums

11 2463 13 2532 l
73 2445 259 2528 generibus,
280 2447 332 2526 ut,
356 2443 412 2541 qui
434 2444 547 2508 ceteris
568 2442 812 2526 praestitissent,
834 2462 889 2505 eos
911 2442 1037 2526 magnis

12 2545 13 2586 1
73 2527 215 2592 afficeret
246 2528 442 2592 munenbus.
492 2526 543 2591 his
570 2526 671 2624 igitur
697 2527 792 2590 rebus
820 2524 925 2589 effecit
946 2529 983 2590 ut
1005 2530 1038 2589 et

74 2611 310 2678 ornatissimum
333 2616 366 2675 et
387 2611 683 2676 exercitatissimum
705 2609 838 2674 heberet
852 2609 1035 2674 exercitum.

73 2695 145 2760 huic
174 2716 248 2760 cum
274 2699 401 2792 tempus
430 2699 513 2761 esset
538 2695 643 2759 visum
666 2694 775 2779 copias
802 2693 968 2758 extrahere
996 2704 1066 2758 exe

73 2779 296 2862 hibernaculis,
319 2780 410 2862 v1dit,
432 2781 469 2863 si,
492 2801 556 2863 quo
578 2778 906 2861 1111111111111111111,
928 2777 1035 2860 pelam

72 2863 320 2947 pronuntiasset,
335 2863 444 2928 hostes
458 2884 526 2928 non
540 2862 716 2926 credituros
731 2861 872 2945 aliasque
886 2881 921 2925 re
947 2860 1035 2924 ‘ones

71 2946 237 3029 praesidiis
265 2952 476 3031 occupaturos
503 2967 607 3030 neque
630 2945 831 3010 dubitaturos
853 2943 919 3008 aliu
962 2965 1036 3008 eum

72 3033 230 3096 lucturum
259 3052 296 3095 11
322 3031 570 3128 pronuntiasset.
613 3031 721 3113 itaque
750 3049 822 3094 curn
849 3027 904 3092 ille
926 3025 1065 3093 Sardist

72 3115 192 3179 iturum
214 3135 248 3179 se
270 3114 412 3199 dixisset,
434 3113 664 3198 Tissaphernes
686 3111 820 3178 eandem
835 3111 963 3186 Cariam
985 3112 1037 3176 de-

72 3197 265 3264 fendendam
279 3200 417 3283 putavit.
446 3199 482 3263 in
497 3220 561 3282 quo
577 3219 650 3262 cum
662 3217 735 3262 eum
746 3197 857 3280 opinio
868 3196 1037 3261 fefellisset

72 3284 254 3366 victumque
282 3304 316 3348 se
344 3283 476 3348 vidisset
503 3282 653 3364 consilio,
682 3302 752 3346 sero
766 3282 846 3346 suis
876 3279 1036 3365 praesidio

71 3367 233 3448 profectus
254 3372 312 3433 est.
357 3388 433 3432 nam
455 3388 527 3431 cum
542 3365 599 3430 illo
614 3365 764 3449 venisset,
786 3366 851 3430 iam
866 3365 1036 3450 Agesilaus

72 3451 178 3544 multis
200 3452 280 3517 locis
303 3453 495 3536 expugnatis
517 3470 635 3535 magna
662 3454 731 3514 erat
756 3451 875 3534 praeda
903 3448 1035 3532 potitus.

795 3554 830 3605 5⁸
