2456 3884
356 261 443 309 xxu.
480 261 669 312 lacunosa.
692 261 768 312 ι-ι.
1002 250 1045 316 89

77 422 150 470 cum
172 399 313 486 amplius
338 404 467 476 centum
487 401 578 466 milia
598 400 684 479 facta
704 404 811 465 essent
838 405 1043 485 armatorum,

76 489 134 554 sed
161 489 259 552 etiam
281 507 320 550 eo
342 485 512 569 compulit,
534 490 572 549 ut
598 485 744 550 locorum
766 485 923 569 angustiis
945 485 1057 549 clausi-

76 573 187 656 plures
213 572 299 635 fame
329 591 425 653 quam
450 569 536 634 ferro
564 569 742 634 interirent.
793 570 902 632 omnia
927 589 968 653 op
992 569 1045 632 ida

78 656 277 738 abalienata,
305 653 413 718 inhia
440 651 569 719 Uticam
591 658 686 750 atque
715 652 915 736 Hipponem,
937 675 957 717 r
991 675 1044 718 en-

78 740 204 804 tissime
224 739 326 804 totius
352 737 496 821 Africae,
523 737 665 802 restiturt
685 739 817 821 patriae.
871 759 975 821 neque
1004 747 1074 800 cot
1129 775 1130 778 =

79 824 144 889 fuit
168 826 355 905 contentum,
382 821 438 886 sed
465 822 563 886 etiam
590 821 670 887 fines
690 821 817 905 imperii
843 821 1044 917 propagavit,

1 971 2 976 ,
79 912 151 974 tota
172 907 285 970 Africa
305 909 432 970 tantum
454 907 557 970 otium
577 905 724 988 reddidit,
746 909 784 970 ut
803 905 930 970 nullum
950 926 987 970 m
1009 925 1047 969 ea

1 998 2 1060 3
80 992 202 1056 bellum
224 990 387 1055 videretur
407 991 517 1054 multis
540 991 634 1055 annis
654 991 762 1054 fuisse.

167 1073 275 1138 Rebus
301 1074 353 1138 his
380 1094 419 1138 ex
446 1075 606 1140 sententia
633 1077 770 1158 peractis
798 1076 911 1140 fidenti
938 1073 1083 1139 anim03

81 1163 178 1242 atque
199 1158 319 1223 infesto
334 1157 499 1241 Romanis,
522 1181 586 1242 quo
608 1158 735 1224 facilius
756 1180 885 1224 causam
905 1158 1048 1224 bellandi

81 1242 252 1326 reperiret,
274 1241 393 1326 effecit,
416 1247 453 1308 ut
473 1244 647 1326 imperator
669 1264 741 1308 oum
769 1243 909 1308 exercitu
936 1243 971 1307 in
990 1241 1047 1306 Hi·

1 1391 2 1394 ‡
82 1326 552 1476 {somnusue
698 1326 1076 1495 peccabo

84 1495 270 1560 adulescens
291 1494 434 1578 illustris,
453 1495 624 1579 formosus,
638 1494 829 1579 Hasdrubal,
874 1517 948 1560 uem
968 1517 1048 1560 non-

82 1577 167 1644 nulli
192 1578 284 1664 diligi
311 1579 452 1663 turpius,
481 1601 576 1677 quam
607 1601 667 1664 par
694 1584 777 1663 erat,
804 1582 844 1644 ab
900 1579 1048 1646 amilcare

1 1669 2 1672 ’
83 1663 314 1747 loquebantur:
347 1685 415 1728 non
442 1685 529 1730 emm
555 1663 702 1728 maledici
728 1668 820 1728 tanto
848 1666 918 1728 viro
941 1665 1049 1729 deame

83 1752 244 1896 ploterant
297 1768 361 1830 quo
388 1748 508 1814 factum
542 1752 590 1812 est
620 1752 657 1811 ut
688 1769 708 1810 a
733 1746 896 1831 praefecto
923 1769 1049 1812 morum
1180 1789 1183 1795 ·
1223 1823 1225 1830 Ι

118 1831 268 1896 asdrubal
297 1853 370 1896 cum
397 1853 435 1897 ιο
458 1837 621 1897 vetaretur
641 1852 719 1895 esse.
764 1831 840 1894 huic
867 1830 921 1895 ille
948 1831 1048 1895 filiam

85 1937 176 1980 suam
197 1916 234 1979 in
258 1916 498 2014 matrimonium
526 1915 627 1997 dedit,
654 1913 741 1998 quod
766 1914 910 1979 moribus
938 1933 1048 2012 eorum

83 1998 1078 2178 aracleensisaaranaaran

84 2169 167 2262 ortui
187 2165 326 2248 praefuit
346 2187 459 2252 resque
480 2187 614 2264 magnas
635 2168 751 2314 gessi}<
766 2171 799 2232 et
819 2167 967 2251 princeps
989 2167 1049 2232 lar·

2 2269 4 2330 ‘3
85 2249 211 2335 gittone
238 2253 380 2315 vetustos
407 2256 562 2334 pervert1t
588 2270 693 2316 mores
751 2251 1049 2336 arthaginiensiurn,

3 2349 5 2420 ζ
86 2331 293 2416 eiusdemque
313 2337 390 2418 post
409 2339 546 2400 mortem
560 2334 724 2399 Hannibal
745 2337 786 2399 ab
809 2337 949 2400 exercitu
963 2357 1050 2400 acoe-

3 2431 4 2450 ³
85 2417 136 2501 pit
156 2416 336 2500 imperium.

172 2502 218 2565 At
238 2500 417 2586 Hamilcar,
443 2507 653 2586 posteaquam
673 2521 761 2566 mare
782 2501 912 2565 transiit
937 2501 972 2564 in
993 2489 1086 2566 Iit-4

4 2641 5 2660 ,
87 2585 297 2669 spaniamque
313 2587 411 2670 venit,
423 2607 557 2672 magnas
571 2592 622 2650 res
638 2584 776 2649 secunda
790 2585 889 2670 gessit
902 2585 1049 2651 fortuna:

4 2672 5 2722 Ὗ
86 2671 242 2734 maximas
274 2670 594 2754 bellicosissimasque
625 2672 738 2754 gentes
767 2669 911 2755 subegit,
948 2671 1048 2754 equis,

87 2754 200 2836 armis,
233 2752 328 2837 viris,
359 2755 495 2838 pecunia
526 2759 628 2820 totam
654 2754 863 2838 locupletavit
894 2753 1054 2824 Africam..

87 2838 140 2901 hic
162 2859 235 2903 oum
257 2838 293 2902 in
306 2837 433 2908 ltaliam
454 2839 574 2903 bellum
589 2837 707 2903 inferre
722 2838 938 2920 meditaretur,
960 2853 1079 2900 nonoa

87 2942 174 2986 anno
205 2926 377 3070 poqtquam
408 2924 443 2986 in
469 2923 658 3005 Hispaniam
685 2926 831 3003 venerat,
863 2921 899 2983 in
926 2921 1050 3004 proelio

86 3025 251 3154 ξιιιιιςιιιιιιὲἰ
299 3027 409 3071 versus
421 3005 579 3154 {qttones
594 3007 716 3103 occisura
730 3007 787 3070 est
823 3003 924 3153 illidi
937 3020 1080 3153 perges

87 3108 861 3264 auleinlffiiammiiib&limittit
875 3109 1050 3257 sinlei

88 3257 273 3343 filiuseius,
295 3259 430 3324 assiduis
445 3258 545 3342 patris
562 3258 829 3323 obtestationibus
852 3277 890 3323 eo
912 3263 961 3322 cst
981 3279 1050 3341 per·

89 3341 218 3494 quacntqq,
255 3346 292 3407 ut
323 3343 455 3408 interire
488 3363 585 3426 quam
617 3340 782 3416 Romanos
813 3362 881 3408 non
913 3341 1050 3427 experiri

468 3581 670 3592 ..Μ-
