2456 3884
394 289 432 338 11.
465 289 738 341 rnsnrsrocnas.
763 291 789 340 1.
810 289 835 341 1.
1053 281 1090 344 11

1 463 2 490 l
125 426 267 508 munita,
292 445 374 508 quae
395 425 504 490 hostes
518 425 727 511 possiderent,
749 427 965 493 Athenienses
986 428 1091 494 aedifi·
1205 481 1213 488 .

126 513 235 574 cantes
253 509 427 592 prohibere
448 513 524 573 sunt
538 511 654 574 conati.
694 511 757 584 hoe
777 512 875 597 longe
890 513 953 577 alio
971 518 1121 596 spectas

126 595 184 658 bat
204 597 302 676 atque
316 592 420 673 videri
433 593 594 658 volebant.
631 594 846 660 Athenienses
869 597 955 660 enim
970 596 1092 662 duabus

1 673 2 716 ;
126 677 271 742 victoriis
278 728 287 760 ,
310 676 516 741 Marathonia
545 681 577 742 et
598 676 781 761 Salaminia,
803 683 928 744 tantun
955 681 1094 765 gloriam

126 762 213 845 apud
236 765 483 858 omnes-gentes
498 765 590 858 erant
611 763 784 860 consecuti,
806 768 844 828 ut
864 764 1093 861 intellegerent
1199 809 1205 824 1

126 845 375 910 Lacedaemona
396 844 435 909 de
462 849 644 928 prmcrpatu
674 847 735 910 s1b1
762 868 835 911 cum
861 848 901 912 ris
929 853 1093 914 certamen

1 1003 2 1006 Ἴ
126 930 209 994 fore.
254 950 352 1013 quare
378 950 433 993 eos
455 951 561 1012 quam·
578 929 812 995 infirmissimos
840 951 908 1006 csse
930 933 1091 998 volebant.

126 1018 300 1097 postquam
314 1017 422 1078 autem
436 1012 607 1078 audierunt
620 1035 728 1078 muros
743 1015 833 1098 strui,
855 1015 978 1101 legatos
992 1017 1122 1082 Athe-4

127 1119 188 1160 nas
215 1098 386 1180 miserunt,
415 1096 471 1181 qui
492 1096 526 1160 id
552 1098 622 1161 fieri
643 1102 798 1163 vetarent.
841 1100 892 1164 his
918 1101 1093 1184 praesenti-

128 1181 190 1246 bus
218 1181 380 1246 desierunt
400 1201 437 1245 ac
459 1202 492 1245 se
515 1181 553 1245 de
575 1201 668 1245 aare
690 1182 813 1266 legatos
834 1182 875 1247 ad
897 1204 952 1248 cos
979 1186 1091 1249 missu-

129 1286 187 1329 ros
208 1265 364 1329 dixerunt.
396 1265 480 1328 hanc
493 1264 689 1348 legationem
709 1267 848 1348 suscepit
861 1266 1122 1332 Themistocless

131 1352 165 1411 et
187 1347 275 1412 solus
294 1348 397 1431 primo
420 1348 584 1432 profectus
612 1353 673 1414 est:
707 1350 822 1432 reliqui
843 1350 943 1434 legati
964 1356 1001 1417 ut
1022 1356 1092 1416 cum

128 1431 270 1515 11111111,
293 1453 367 1496 cum
393 1433 478 1498 satis·
498 1432 556 1496 alti
577 1431 696 1497 tuendo
723 1433 808 1498 muri
829 1435 981 1499 exstructi
1008 1434 1093 1499 vide·

1 1543 3 1594 1
128 1519 251 1597 rentur,
272 1517 449 1600 praecepit:
472 1517 602 1580 interim
624 1537 744 1600 omnes,
768 1518 851 1582 servi
872 1523 969 1603 atque
987 1507 1092 1602 liberi,

1 1601 2 1658 l
130 1621 212 1682 opus
234 1599 378 1664 facerent
397 1621 502 1683 neque
523 1601 583 1664 ulli
607 1601 679 1666 loeo
701 1606 883 1687 parcerent,
911 1604 977 1668 1111
1004 1623 1093 1668 sacer

1 1697 2 1721 l
128 1686 193 1748 sive
208 1680 379 1766 profanus,
407 1684 474 1748 1111
500 1685 644 1767 privatus
672 1689 755 1750 esset
782 1687 849 1751 1111
870 1686 1032 1770 publicus,
1060 1691 1093 1751 et

1 1769 2 1834 3
129 1766 286 1851 undique,
320 1767 408 1851 quod
434 1767 586 1833 idoneum
621 1769 661 1832 ad
688 1769 897 1833 muniendum
930 1773 1091 1854 putarent,

1 1837 2 1904 l
128 1855 351 1936 congererent
388 1871 453 1934 quo
474 1852 596 1916 lactum
618 1857 668 1916 est
687 1856 725 1916 ut
736 1853 986 1917 Atheniensium
1007 1855 1092 1917 muri

1 2001 2 2034 1
128 1957 171 1998 ex
192 1931 316 1999 sacellis
337 1935 578 2020 sepulchrisque
604 1939 798 2003 constarent.

1 2043 2 2060 1
217 2017 446 2084 Themistocles
478 2022 599 2102 autem,
632 2023 670 2084 ut
690 2019 961 2084 Lacedaemonem
992 2021 1126 2104 111117

113 2101 220 2166 adire
234 2103 274 2166 ad
287 2103 494 2188 magistratus
507 2103 614 2169 noluit
629 2107 662 2169 et
675 2103 764 2168 dedit
777 2124 916 2188 operam,
938 2107 975 2168 ut
995 2125 1092 2187 quarn
1157 2155 1160 2160 1

128 2186 319 2269 longissime
344 2191 472 2270 tempus
500 2187 643 2271 duceret,
672 2209 799 2253 eausam
825 2188 1035 2272 interponens
1058 2209 1092 2254 se
1143 2249 1148 2256 .

128 2269 272 2355 collegas
294 2274 485 2354 exspectare.
530 2293 603 2336 oum
617 2271 861 2337 Lacedaemonii
883 2275 1121 2356 quererenturr

1 2395 2 2402 1
128 2376 212 2436 opus
232 2354 338 2419 nihilo
355 2355 470 2420 minus
483 2357 554 2420 fieri
575 2377 711 2439 eumque
732 2356 767 2419 in
789 2377 827 2420 11
846 2377 882 2419 11
903 2357 1013 2420 conari
1034 2355 1093 2419 fel·

128 2437 204 2522 lere,
229 2438 359 2503 interim
380 2439 496 2522 reliqui
516 2439 616 2524 legati
638 2427 713 2504 sulit
727 2440 898 2503 consecuti.
936 2460 956 2501 1
977 2439 1092 2535 quibus

1 2543 2 2590 f
128 2542 203 2586 cum
226 2521 367 2587 audisset
386 2543 454 2587 non
475 2524 613 2588 multum
635 2543 798 2605 superesse
819 2521 1024 2605 munitiomsn.
1053 2522 1093 2585 ed

1 2602 3 2680 ζ
129 2605 271 2688 ephoros
285 2605 611 2671 Lacedaemoniorum
628 2606 770 2690 accessit,
792 2626 890 2689 penes
906 2627 987 2690 quos
1009 2627 1092 2671 sum·

1 2729 2 2740 1
128 2711 220 2754 mum
242 2694 311 2754 erat
331 2691 510 2774 imperium,
533 2695 628 2774 atque
643 2689 728 2773 apud
749 2711 804 2754 eos
825 2689 991 2754 contendit
1011 2691 1093 2754 falsa

1 2781 2 2828 1
128 2772 170 2836 iis
193 2794 262 2837 esse
284 2773 403 2838 delata:
433 2795 531 2858 quare
553 2795 690 2857 aequum
711 2794 780 2838 esse
800 2773 874 2839 illos
888 2775 975 2838 11111
989 2774 1092 2838 bonos

0 3323 1 3336 ,
128 3274 458 3340 Lacedaemoniorum
472 3276 596 3360 legatos

128 2857 319 2941 nobilesque
340 2860 482 2940 mittere,
505 2858 620 2942 quibus
640 2857 718 2921 fides
740 2857 925 2939 haberetur,
948 2857 1003 2939 qui
1025 2876 1093 2921 rem

129 2940 351 3023 explorarent:
378 2941 501 3006 interea
528 2962 561 3006 se
583 2941 727 3005 obsidem
747 2942 932 3006 retinerent.
982 2944 1122 3023 gestuse

129 3029 181 3088 est
203 3025 233 3088 ei
255 3046 340 3108 mos,
361 3028 490 3109 tresque
510 3025 609 3110 legati
630 3024 735 3089 functi
762 3023 894 3088 summis
915 3022 1093 3090 honoribus

129 3107 277 3172 Athenas
305 3109 501 3173 missisunt.
542 3131 616 3173 cum
636 3107 687 3174 his
709 3107 848 3192 collegas
870 3129 945 3173 suos
966 3107 1093 3175 Themi·

129 3191 248 3256 stocles
269 3192 364 3256 iussit
384 3192 544 3275 proficisci
564 3189 860 3340 iisqqqiptqaeditxit,
883 3196 920 3258 ut
932 3214 982 3290 1111
1003 3195 1093 3342 prin}

735 3296 793 3340 ran
819 3298 915 3360 quam
929 3297 997 3361 1pse
1009 3299 1078 3342 esse

0 3361 1 3400 ἶ
127 3359 292 3424 remissus.
336 3358 397 3423 hos
423 3363 594 3443 postquam
622 3358 768 3424 Athenas
795 3381 977 3444 pervenisse
1004 3364 1122 3426 ratusl

128 3446 195 3524 est,
227 3442 267 3506 ad
300 3444 506 3528 magistratus
533 3447 742 3526 senatumque
768 3442 1093 3509 Lacedaemoniorum

127 3525 211 3592 adiit
225 3531 258 3592 et
273 3525 359 3610 apud
374 3547 428 3592 eos
442 3527 603 3592 liberrime
616 3528 780 3612 professus
795 3533 858 3593 est:
878 3527 1093 3594 Athenienses
1150 3618 1160 3636 .
