<?xml version="1.0" encoding="UTF-8"?>
<!DOCTYPE html PUBLIC "-//W3C//DTD XHTML 1.0 Transitional//EN"
    "http://www.w3.org/TR/xhtml1/DTD/xhtml1-transitional.dtd">
<html xmlns="http://www.w3.org/1999/xhtml" xml:lang="en" lang="en">
 <head>
  <title>
</title>
<meta http-equiv="Content-Type" content="text/html;charset=utf-8" />
  <meta name='ocr-system' content='tesseract 3.04.00' />
  <meta name='ocr-capabilities' content='ocr_page ocr_carea ocr_par ocr_line ocrx_word'/>
</head>
<body>
  <div class='ocr_page' id='page_1' title='image "./corneliinepotis00halmgoog_0111.png"; bbox 0 0 2456 3884; ppageno 0'>
   <div class='ocr_carea' id='block_1_1' title="bbox 419 251 1096 315">
    <p class='ocr_par' dir='ltr' id='par_1_1' title="bbox 419 251 1096 315">
     <span class='ocr_line' id='line_1_1' title="bbox 419 251 1096 315; baseline 0.006 -4"><span class='ocrx_word' id='word_1_1' title='bbox 419 263 502 311; x_wconf 83' lang='lat' dir='ltr'>xxv.</span> <span class='ocrx_word' id='word_1_2' title='bbox 539 263 693 312; x_wconf 69' lang='lat' dir='ltr'><strong>armeus.</strong></span> <span class='ocrx_word' id='word_1_3' title='bbox 715 261 741 310; x_wconf 85' lang='lat' dir='ltr'><strong>e.</strong></span> <span class='ocrx_word' id='word_1_4' title='bbox 766 261 806 310; x_wconf 88' lang='grc' dir='ltr'><strong>ιο.</strong></span> <span class='ocrx_word' id='word_1_5' title='bbox 1034 251 1096 315; x_wconf 90' lang='lat'><strong>105</strong></span> 
     </span>
    </p>
   </div>
   <div class='ocr_carea' id='block_1_2' title="bbox 72 398 1215 2890">
    <p class='ocr_par' dir='ltr' id='par_1_2' title="bbox 72 398 1215 2890">
     <span class='ocr_line' id='line_1_2' title="bbox 128 398 1125 483; baseline 0 -20"><span class='ocrx_word' id='word_1_6' title='bbox 128 419 211 483; x_wconf 86' lang='lat' dir='ltr'><strong>quae</strong></span> <span class='ocrx_word' id='word_1_7' title='bbox 232 398 332 463; x_wconf 89' lang='lat' dir='ltr'><strong>nullis</strong></span> <span class='ocrx_word' id='word_1_8' title='bbox 355 398 480 464; x_wconf 75' lang='lat' dir='ltr'>casibus</span> <span class='ocrx_word' id='word_1_9' title='bbox 507 398 648 482; x_wconf 75' lang='lat' dir='ltr'><strong>agitatur</strong></span> <span class='ocrx_word' id='word_1_10' title='bbox 667 419 772 481; x_wconf 90' lang='lat' dir='ltr'><strong>neque</strong></span> <span class='ocrx_word' id='word_1_11' title='bbox 792 398 957 464; x_wconf 84' lang='lat' dir='ltr'><strong>minuitur.</strong></span> <span class='ocrx_word' id='word_1_12' title='bbox 991 400 1125 464; x_wconf 72' lang='lat' dir='ltr'><strong>hostien</strong></span> 
     </span>
     <span class='ocr_line' id='line_1_3' title="bbox 128 480 1096 565; baseline -0.001 -17"><span class='ocrx_word' id='word_1_13' title='bbox 128 484 295 548; x_wconf 83' lang='lat' dir='ltr'><strong>Antonius</strong></span> <span class='ocrx_word' id='word_1_14' title='bbox 322 483 481 548; x_wconf 89' lang='lat' dir='ltr'><strong>iudicatus</strong></span> <span class='ocrx_word' id='word_1_15' title='bbox 501 480 597 545; x_wconf 88' lang='lat' dir='ltr'><strong>Italia</strong></span> <span class='ocrx_word' id='word_1_16' title='bbox 623 486 775 547; x_wconf 76' lang='lat' dir='ltr'><strong>cesserat:</strong></span> <span class='ocrx_word' id='word_1_17' title='bbox 808 503 881 565; x_wconf 89' lang='lat' dir='ltr'><strong>spes</strong></span> <span class='ocrx_word' id='word_1_18' title='bbox 908 482 1096 548; x_wconf 89' lang='lat' dir='ltr'><strong>restituendi</strong></span> 
     </span>
     <span class='ocr_line' id='line_1_4' title="bbox 128 565 1096 662; baseline -0.001 -30"><span class='ocrx_word' id='word_1_19' title='bbox 128 568 220 632; x_wconf 84' lang='lat' dir='ltr'><strong>nulla</strong></span> <span class='ocrx_word' id='word_1_20' title='bbox 241 571 320 632; x_wconf 85' lang='lat' dir='ltr'><strong>erat</strong></span> <span class='ocrx_word' id='word_1_21' title='bbox 357 589 425 633; x_wconf 91' lang='lat' dir='ltr'><strong>non</strong></span> <span class='ocrx_word' id='word_1_22' title='bbox 440 566 545 630; x_wconf 87' lang='lat' dir='ltr'><strong>solum</strong></span> <span class='ocrx_word' id='word_1_23' title='bbox 566 565 698 647; x_wconf 88' lang='lat' dir='ltr'><strong>inimici,</strong></span> <span class='ocrx_word' id='word_1_24' title='bbox 721 566 776 662; x_wconf 88' lang='lat' dir='ltr'><strong>qui</strong></span> <span class='ocrx_word' id='word_1_25' title='bbox 794 571 864 630; x_wconf 92' lang='lat' dir='ltr'><strong>tum</strong></span> <span class='ocrx_word' id='word_1_26' title='bbox 879 572 971 631; x_wconf 87' lang='lat' dir='ltr'><strong>erant</strong></span> <span class='ocrx_word' id='word_1_27' title='bbox 984 571 1096 650; x_wconf 91' lang='lat' dir='ltr'><strong>poten·</strong></span> 
     </span>
     <span class='ocr_line' id='line_1_5' title="bbox 99 648 1095 750; baseline 0.001 -36"><span class='ocrx_word' id='word_1_28' title='bbox 99 651 245 715; x_wconf 74' lang='lat' dir='ltr'><strong>&#39;tissimi</strong></span> <span class='ocrx_word' id='word_1_29' title='bbox 267 655 301 716; x_wconf 94' lang='lat' dir='ltr'><strong>et</strong></span> <span class='ocrx_word' id='word_1_30' title='bbox 321 650 463 750; x_wconf 79' lang='lat' dir='ltr'><strong>plurimi,</strong></span> <span class='ocrx_word' id='word_1_31' title='bbox 485 648 540 713; x_wconf 89' lang='lat' dir='ltr'><strong>sed</strong></span> <span class='ocrx_word' id='word_1_32' title='bbox 562 649 658 714; x_wconf 90' lang='lat' dir='ltr'><strong>etiam</strong></span> <span class='ocrx_word' id='word_1_33' title='bbox 680 671 736 732; x_wconf 88' lang='lat' dir='ltr'><strong>qur</strong></span> <span class='ocrx_word' id='word_1_34' title='bbox 757 649 946 715; x_wconf 80' lang='lat' dir='ltr'><strong>adremariis</strong></span> <span class='ocrx_word' id='word_1_35' title='bbox 972 651 1040 716; x_wconf 90' lang='lat' dir='ltr'><strong>eius</strong></span> <span class='ocrx_word' id='word_1_36' title='bbox 1062 673 1095 715; x_wconf 91' lang='lat' dir='ltr'><strong>se</strong></span> 
     </span>
     <span class='ocr_line' id='line_1_6' title="bbox 129 733 1096 817; baseline -0.001 -17"><span class='ocrx_word' id='word_1_37' title='bbox 129 735 251 800; x_wconf 86' lang='lat' dir='ltr'><strong>dabant</strong></span> <span class='ocrx_word' id='word_1_38' title='bbox 272 740 306 800; x_wconf 92' lang='lat' dir='ltr'><strong>et</strong></span> <span class='ocrx_word' id='word_1_39' title='bbox 325 758 361 800; x_wconf 87' lang='grc' dir='ltr'><strong>ιιι</strong></span> <span class='ocrx_word' id='word_1_40' title='bbox 383 757 421 800; x_wconf 92' lang='lat' dir='ltr'><strong>co</strong></span> <span class='ocrx_word' id='word_1_41' title='bbox 444 733 599 799; x_wconf 88' lang='lat' dir='ltr'><strong>laedendo</strong></span> <span class='ocrx_word' id='word_1_42' title='bbox 620 733 762 816; x_wconf 80' lang='lat' dir='ltr'>aliquam</span> <span class='ocrx_word' id='word_1_43' title='bbox 775 738 1005 800; x_wconf 87' lang='lat' dir='ltr'><strong>consecuturos</strong></span> <span class='ocrx_word' id='word_1_44' title='bbox 1027 756 1096 817; x_wconf 88' lang='lat' dir='ltr'><strong>spe-</strong></span> 
     </span>
     <span class='ocr_line' id='line_1_7' title="bbox 129 817 1096 915; baseline -0.001 -32"><span class='ocrx_word' id='word_1_45' title='bbox 129 819 246 883; x_wconf 87' lang='lat' dir='ltr'><strong>rabant</strong></span> <span class='ocrx_word' id='word_1_46' title='bbox 273 819 547 900; x_wconf 88' lang='lat' dir='ltr'><strong>commoditatem,</strong></span> <span class='ocrx_word' id='word_1_47' title='bbox 580 817 717 884; x_wconf 75' lang='lat' dir='ltr'><strong>Antonii</strong></span> <span class='ocrx_word' id='word_1_48' title='bbox 748 817 923 882; x_wconf 77' lang='lat' dir='ltr'><strong>familiares</strong></span> <span class='ocrx_word' id='word_1_49' title='bbox 949 819 1096 915; x_wconf 88' lang='lat' dir='ltr'><strong>inseque-</strong></span> 
     </span>
     <span class='ocr_line' id='line_1_8' title="bbox 129 899 1096 985; baseline -0.001 -18"><span class='ocrx_word' id='word_1_50' title='bbox 129 905 262 985; x_wconf 85' lang='lat' dir='ltr'><strong>bantur,</strong></span> <span class='ocrx_word' id='word_1_51' title='bbox 298 925 433 968; x_wconf 86' lang='lat' dir='ltr'><strong>uxorem</strong></span> <span class='ocrx_word' id='word_1_52' title='bbox 465 901 612 966; x_wconf 85' lang='lat' dir='ltr'><strong>Fulviam</strong></span> <span class='ocrx_word' id='word_1_53' title='bbox 648 899 797 965; x_wconf 86' lang='lat' dir='ltr'><strong>omnibus</strong></span> <span class='ocrx_word' id='word_1_54' title='bbox 832 902 927 967; x_wconf 86' lang='lat' dir='ltr'><strong>rebus</strong></span> <span class='ocrx_word' id='word_1_55' title='bbox 957 902 1096 985; x_wconf 88' lang='lat' dir='ltr'><strong>spohare</strong></span> 
     </span>
     <span class='ocr_line' id='line_1_9' title="bbox 131 985 1125 1082; baseline -0.003 -32"><span class='ocrx_word' id='word_1_56' title='bbox 131 987 315 1070; x_wconf 89' lang='lat' dir='ltr'><strong>cupiebant,</strong></span> <span class='ocrx_word' id='word_1_57' title='bbox 339 988 459 1052; x_wconf 89' lang='lat' dir='ltr'><strong>liberos</strong></span> <span class='ocrx_word' id='word_1_58' title='bbox 481 985 577 1049; x_wconf 89' lang='lat' dir='ltr'><strong>etiam</strong></span> <span class='ocrx_word' id='word_1_59' title='bbox 592 985 794 1082; x_wconf 73' lang='lat' dir='ltr'><strong>exstinguere</strong></span> <span class='ocrx_word' id='word_1_60' title='bbox 808 986 975 1068; x_wconf 86' lang='lat' dir='ltr'><strong>parebant.</strong></span> <span class='ocrx_word' id='word_1_61' title='bbox 1011 987 1125 1050; x_wconf 84' lang='lat' dir='ltr'><strong>Atti-a</strong></span> 
     </span>
     <span class='ocr_line' id='line_1_10' title="bbox 130 1069 1096 1153; baseline -0.001 -18"><span class='ocrx_word' id='word_1_62' title='bbox 130 1092 196 1153; x_wconf 90' lang='lat' dir='ltr'><strong>cus,</strong></span> <span class='ocrx_word' id='word_1_63' title='bbox 219 1092 292 1134; x_wconf 87' lang='lat' dir='ltr'><strong>cum</strong></span> <span class='ocrx_word' id='word_1_64' title='bbox 307 1070 471 1136; x_wconf 79' lang='lat' dir='ltr'><strong>Ciceronis</strong></span> <span class='ocrx_word' id='word_1_65' title='bbox 485 1069 600 1132; x_wconf 85' lang='lat' dir='ltr'><strong>intima</strong></span> <span class='ocrx_word' id='word_1_66' title='bbox 614 1069 831 1134; x_wconf 87' lang='lat' dir='ltr'><strong>famiharitate</strong></span> <span class='ocrx_word' id='word_1_67' title='bbox 846 1074 998 1152; x_wconf 89' lang='lat' dir='ltr'><strong>uteretur,</strong></span> <span class='ocrx_word' id='word_1_68' title='bbox 1019 1072 1096 1134; x_wconf 85' lang='lat' dir='ltr'><strong>ami·</strong></span> 
     </span>
     <span class='ocr_line' id='line_1_11' title="bbox 130 1152 1151 1235; baseline -0.001 -17"><span class='ocrx_word' id='word_1_69' title='bbox 130 1154 277 1219; x_wconf 79' lang='lat' dir='ltr'><strong>sissimus</strong></span> <span class='ocrx_word' id='word_1_70' title='bbox 298 1159 382 1220; x_wconf 87' lang='lat' dir='ltr'><strong>essct</strong></span> <span class='ocrx_word' id='word_1_71' title='bbox 396 1155 510 1235; x_wconf 91' lang='lat' dir='ltr'><strong>Bruto,</strong></span> <span class='ocrx_word' id='word_1_72' title='bbox 531 1174 599 1217; x_wconf 91' lang='lat' dir='ltr'><strong>non</strong></span> <span class='ocrx_word' id='word_1_73' title='bbox 620 1152 820 1217; x_wconf 86' lang='lat' dir='ltr'><strong>modo-nihil</strong></span> <span class='ocrx_word' id='word_1_74' title='bbox 841 1153 881 1217; x_wconf 92' lang='lat' dir='ltr'><strong>iis</strong></span> <span class='ocrx_word' id='word_1_75' title='bbox 900 1153 1035 1218; x_wconf 77' lang='lat' dir='ltr'><strong>indulsit</strong></span> <span class='ocrx_word' id='word_1_76' title='bbox 1055 1155 1095 1217; x_wconf 90' lang='lat' dir='ltr'><strong>ad</strong></span> <span class='ocrx_word' id='word_1_77' title='bbox 1149 1227 1151 1230; x_wconf 17' lang='lat'>¹</span> 
     </span>
     <span class='ocr_line' id='line_1_12' title="bbox 131 1236 1096 1320; baseline -0.002 -18"><span class='ocrx_word' id='word_1_78' title='bbox 131 1239 312 1303; x_wconf 86' lang='lat' dir='ltr'><strong>Antonium</strong></span> <span class='ocrx_word' id='word_1_79' title='bbox 326 1237 524 1320; x_wconf 79' lang='lat' dir='ltr'><strong>violandum,</strong></span> <span class='ocrx_word' id='word_1_80' title='bbox 545 1237 601 1301; x_wconf 88' lang='lat' dir='ltr'><strong>sed</strong></span> <span class='ocrx_word' id='word_1_81' title='bbox 623 1236 816 1302; x_wconf 82' lang='lat' dir='ltr'><strong>econtrario</strong></span> <span class='ocrx_word' id='word_1_82' title='bbox 831 1236 1005 1302; x_wconf 79' lang='lat' dir='ltr'><strong>familiares</strong></span> <span class='ocrx_word' id='word_1_83' title='bbox 1028 1237 1096 1301; x_wconf 89' lang='lat' dir='ltr'><strong>eius</strong></span> 
     </span>
     <span class='ocr_line' id='line_1_13' title="bbox 131 1320 1096 1468; baseline -0.001 -83"><span class='ocrx_word' id='word_1_84' title='bbox 131 1343 171 1385; x_wconf 86' lang='lat' dir='ltr'><strong>ex</strong></span> <span class='ocrx_word' id='word_1_85' title='bbox 191 1322 271 1387; x_wconf 92' lang='lat' dir='ltr'><strong>urbe</strong></span> <span class='ocrx_word' id='word_1_86' title='bbox 315 1323 524 1409; x_wconf 81' lang='lat' dir='ltr'><strong>refugientes,</strong></span> <span class='ocrx_word' id='word_1_87' title='bbox 547 1324 702 1404; x_wconf 89' lang='lat' dir='ltr'><strong>quantum</strong></span> <span class='ocrx_word' id='word_1_88' title='bbox 724 1321 845 1468; x_wconf 84' lang='lat' dir='ltr'><strong>potuit,</strong></span> <span class='ocrx_word' id='word_1_89' title='bbox 868 1321 956 1404; x_wconf 87' lang='lat' dir='ltr'><strong>texit,</strong></span> <span class='ocrx_word' id='word_1_90' title='bbox 979 1320 1096 1403; x_wconf 89' lang='lat' dir='ltr'><strong>quibus</strong></span> 
     </span>
     <span class='ocr_line' id='line_1_14' title="bbox 130 1403 1126 1492; baseline -0.004 -22"><span class='ocrx_word' id='word_1_91' title='bbox 130 1409 226 1470; x_wconf 89' lang='lat' dir='ltr'><strong>rebus</strong></span> <span class='ocrx_word' id='word_1_92' title='bbox 247 1407 283 1470; x_wconf 93' lang='lat' dir='ltr'><strong>in</strong></span> <span class='ocrx_word' id='word_1_93' title='bbox 308 1407 472 1492; x_wconf 60' lang='lat' dir='ltr'><strong>&#39;querunt</strong></span> <span class='ocrx_word' id='word_1_94' title='bbox 503 1405 634 1470; x_wconf 84' lang='lat' dir='ltr'><strong>adiuvit.</strong></span> <span class='ocrx_word' id='word_1_95' title='bbox 678 1403 725 1469; x_wconf 91' lang='lat' dir='ltr'><strong>Pu</strong></span> <span class='ocrx_word' id='word_1_96' title='bbox 750 1405 794 1469; x_wconf 94' lang='lat' dir='ltr'><strong>lio</strong></span> <span class='ocrx_word' id='word_1_97' title='bbox 816 1425 892 1469; x_wconf 84' lang='lat' dir='ltr'><strong>vero</strong></span> <span class='ocrx_word' id='word_1_98' title='bbox 918 1404 1126 1470; x_wconf 69' lang='lat' dir='ltr'><strong>Volumnius</strong></span> 
     </span>
     <span class='ocr_line' id='line_1_15' title="bbox 132 1489 1096 1574; baseline -0.001 -20"><span class='ocrx_word' id='word_1_99' title='bbox 132 1511 171 1554; x_wconf 89' lang='lat' dir='ltr'><strong>ea</strong></span> <span class='ocrx_word' id='word_1_100' title='bbox 196 1490 326 1574; x_wconf 83' lang='lat' dir='ltr'><strong>tribuit,</strong></span> <span class='ocrx_word' id='word_1_101' title='bbox 359 1495 397 1556; x_wconf 89' lang='lat' dir='ltr'><strong>ut</strong></span> <span class='ocrx_word' id='word_1_102' title='bbox 424 1491 518 1574; x_wconf 87' lang='lat' dir='ltr'><strong>plura</strong></span> <span class='ocrx_word' id='word_1_103' title='bbox 547 1511 567 1552; x_wconf 90' lang='lat' dir='ltr'><strong>a</strong></span> <span class='ocrx_word' id='word_1_104' title='bbox 592 1493 725 1572; x_wconf 88' lang='lat' dir='ltr'><strong>parente</strong></span> <span class='ocrx_word' id='word_1_105' title='bbox 755 1489 915 1572; x_wconf 90' lang='lat' dir='ltr'><strong>proficisci</strong></span> <span class='ocrx_word' id='word_1_106' title='bbox 947 1510 1015 1554; x_wconf 92' lang='lat' dir='ltr'><strong>non</strong></span> <span class='ocrx_word' id='word_1_107' title='bbox 1039 1510 1096 1571; x_wconf 91' lang='lat' dir='ltr'><strong>po·</strong></span> 
     </span>
     <span class='ocr_line' id='line_1_16' title="bbox 131 1571 1096 1657; baseline -0.001 -20"><span class='ocrx_word' id='word_1_108' title='bbox 131 1575 264 1638; x_wconf 89' lang='lat' dir='ltr'><strong>tuerint.</strong></span> <span class='ocrx_word' id='word_1_109' title='bbox 314 1574 377 1657; x_wconf 90' lang='lat' dir='ltr'><strong>ipsi</strong></span> <span class='ocrx_word' id='word_1_110' title='bbox 403 1578 510 1639; x_wconf 90' lang='lat' dir='ltr'><strong>autem</strong></span> <span class='ocrx_word' id='word_1_111' title='bbox 542 1571 691 1655; x_wconf 82' lang='lat' dir='ltr'><strong>Fulvius,</strong></span> <span class='ocrx_word' id='word_1_112' title='bbox 724 1593 797 1637; x_wconf 87' lang='lat' dir='ltr'><strong>cum</strong></span> <span class='ocrx_word' id='word_1_113' title='bbox 825 1574 935 1637; x_wconf 90' lang='lat' dir='ltr'><strong>litibus</strong></span> <span class='ocrx_word' id='word_1_114' title='bbox 967 1572 1096 1636; x_wconf 82' lang='lat' dir='ltr'><strong>distine</strong></span> 
     </span>
     <span class='ocr_line' id='line_1_17' title="bbox 131 1656 1096 1751; baseline 0 -31"><span class='ocrx_word' id='word_1_115' title='bbox 131 1662 223 1721; x_wconf 88' lang='lat' dir='ltr'><strong>retur</strong></span> <span class='ocrx_word' id='word_1_116' title='bbox 236 1657 426 1742; x_wconf 73' lang='lat' dir='ltr'><strong>magnisque</strong></span> <span class='ocrx_word' id='word_1_117' title='bbox 441 1657 617 1723; x_wconf 87' lang='lat' dir='ltr'><strong>terroribus</strong></span> <span class='ocrx_word' id='word_1_118' title='bbox 632 1660 808 1741; x_wconf 82' lang='lat' dir='ltr'><strong>vexaretur,</strong></span> <span class='ocrx_word' id='word_1_119' title='bbox 823 1660 914 1722; x_wconf 84' lang='lat' dir='ltr'><strong>tenta</strong></span> <span class='ocrx_word' id='word_1_120' title='bbox 929 1656 1096 1751; x_wconf 77' lang='lat' dir='ltr'><strong>diligentia</strong></span> 
     </span>
     <span class='ocr_line' id='line_1_18' title="bbox 132 1739 1095 1825; baseline -0.002 -20"><span class='ocrx_word' id='word_1_121' title='bbox 132 1741 276 1805; x_wconf 89' lang='lat' dir='ltr'><strong>officium</strong></span> <span class='ocrx_word' id='word_1_122' title='bbox 298 1762 392 1807; x_wconf 88' lang='lat' dir='ltr'><strong>suum</strong></span> <span class='ocrx_word' id='word_1_123' title='bbox 414 1741 589 1825; x_wconf 87' lang='lat' dir='ltr'><strong>praestitit,</strong></span> <span class='ocrx_word' id='word_1_124' title='bbox 616 1745 653 1804; x_wconf 92' lang='lat' dir='ltr'><strong>ut</strong></span> <span class='ocrx_word' id='word_1_125' title='bbox 673 1739 799 1803; x_wconf 90' lang='lat' dir='ltr'><strong>nullum</strong></span> <span class='ocrx_word' id='word_1_126' title='bbox 821 1740 878 1803; x_wconf 85' lang='lat' dir='ltr'><strong>illa</strong></span> <span class='ocrx_word' id='word_1_127' title='bbox 904 1740 1023 1803; x_wconf 76' lang='lat' dir='ltr'><strong>stiterit</strong></span> <span class='ocrx_word' id='word_1_128' title='bbox 1043 1761 1095 1803; x_wconf 86' lang='lat' dir='ltr'><strong>va-</strong></span> 
     </span>
     <span class='ocr_line' id='line_1_19' title="bbox 132 1823 1094 1907; baseline -0.002 -19"><span class='ocrx_word' id='word_1_129' title='bbox 132 1825 311 1889; x_wconf 88' lang='lat' dir='ltr'><strong>dimonium</strong></span> <span class='ocrx_word' id='word_1_130' title='bbox 326 1825 395 1889; x_wconf 91' lang='lat' dir='ltr'><strong>sine</strong></span> <span class='ocrx_word' id='word_1_131' title='bbox 409 1827 529 1900; x_wconf 86' lang='lat' dir='ltr'><strong>Attico,</strong></span> <span class='ocrx_word' id='word_1_132' title='bbox 551 1841 688 1907; x_wconf 89' lang='lat' dir='ltr'><strong>sponsor</strong></span> <span class='ocrx_word' id='word_1_133' title='bbox 702 1823 845 1887; x_wconf 90' lang='lat' dir='ltr'><strong>omnium</strong></span> <span class='ocrx_word' id='word_1_134' title='bbox 859 1843 966 1887; x_wconf 90' lang='lat' dir='ltr'><strong>rerum</strong></span> <span class='ocrx_word' id='word_1_135' title='bbox 988 1823 1094 1886; x_wconf 91' lang='lat' dir='ltr'><strong>fuerit.</strong></span> 
     </span>
     <span class='ocr_line' id='line_1_20' title="bbox 72 1906 1125 1992; baseline -0.004 -20"><span class='ocrx_word' id='word_1_136' title='bbox 72 1929 75 1934; x_wconf 88' lang='lat'>·</span> <span class='ocrx_word' id='word_1_137' title='bbox 133 1909 212 1991; x_wconf 90' lang='lat' dir='ltr'><strong>quin</strong></span> <span class='ocrx_word' id='word_1_138' title='bbox 234 1910 340 1992; x_wconf 91' lang='lat' dir='ltr'><strong>etiam,</strong></span> <span class='ocrx_word' id='word_1_139' title='bbox 363 1927 436 1973; x_wconf 90' lang='lat' dir='ltr'><strong>cum</strong></span> <span class='ocrx_word' id='word_1_140' title='bbox 457 1908 514 1972; x_wconf 87' lang='lat' dir='ltr'><strong>illa</strong></span> <span class='ocrx_word' id='word_1_141' title='bbox 535 1906 672 1972; x_wconf 91' lang='lat' dir='ltr'><strong>fundum</strong></span> <span class='ocrx_word' id='word_1_142' title='bbox 694 1906 832 1970; x_wconf 84' lang='lat' dir='ltr'><strong>secunde</strong></span> <span class='ocrx_word' id='word_1_143' title='bbox 852 1906 983 1971; x_wconf 87' lang='lat' dir='ltr'><strong>fortuna</strong></span> <span class='ocrx_word' id='word_1_144' title='bbox 1005 1906 1125 1970; x_wconf 79' lang='lat' dir='ltr'><strong>emis-5</strong></span> 
     </span>
     <span class='ocr_line' id='line_1_21' title="bbox 133 1989 1095 2076; baseline -0.003 -20"><span class='ocrx_word' id='word_1_145' title='bbox 133 1997 182 2057; x_wconf 93' lang='lat' dir='ltr'><strong>set</strong></span> <span class='ocrx_word' id='word_1_146' title='bbox 203 1993 237 2056; x_wconf 92' lang='lat' dir='ltr'><strong>in</strong></span> <span class='ocrx_word' id='word_1_147' title='bbox 260 1992 343 2057; x_wconf 91' lang='lat' dir='ltr'><strong>diem</strong></span> <span class='ocrx_word' id='word_1_148' title='bbox 365 2013 470 2076; x_wconf 90' lang='lat' dir='ltr'><strong>neque</strong></span> <span class='ocrx_word' id='word_1_149' title='bbox 490 1994 565 2074; x_wconf 86' lang='lat' dir='ltr'><strong>post</strong></span> <span class='ocrx_word' id='word_1_150' title='bbox 579 1990 793 2055; x_wconf 84' lang='lat' dir='ltr'><strong>calamitatem</strong></span> <span class='ocrx_word' id='word_1_151' title='bbox 807 2011 969 2054; x_wconf 84' lang='lat' dir='ltr'><strong>versuram</strong></span> <span class='ocrx_word' id='word_1_152' title='bbox 990 1989 1095 2053; x_wconf 88' lang='lat' dir='ltr'><strong>facere</strong></span> 
     </span>
     <span class='ocr_line' id='line_1_22' title="bbox 132 2073 1097 2172; baseline -0.004 -32"><span class='ocrx_word' id='word_1_153' title='bbox 132 2077 299 2159; x_wconf 89' lang='lat' dir='ltr'><strong>potuisset,</strong></span> <span class='ocrx_word' id='word_1_154' title='bbox 315 2077 369 2141; x_wconf 91' lang='lat' dir='ltr'><strong>ille</strong></span> <span class='ocrx_word' id='word_1_155' title='bbox 379 2097 414 2141; x_wconf 89' lang='lat' dir='ltr'><strong>se</strong></span> <span class='ocrx_word' id='word_1_156' title='bbox 428 2075 622 2172; x_wconf 81' lang='lat' dir='ltr'><strong>interposuit</strong></span> <span class='ocrx_word' id='word_1_157' title='bbox 635 2074 867 2157; x_wconf 75' lang='lat' dir='ltr'><strong>pecuniamque</strong></span> <span class='ocrx_word' id='word_1_158' title='bbox 882 2073 950 2137; x_wconf 92' lang='lat' dir='ltr'><strong>sine</strong></span> <span class='ocrx_word' id='word_1_159' title='bbox 965 2074 1097 2137; x_wconf 89' lang='lat' dir='ltr'><strong>faenore</strong></span> 
     </span>
     <span class='ocr_line' id='line_1_23' title="bbox 133 2157 1097 2244; baseline -0.002 -21"><span class='ocrx_word' id='word_1_160' title='bbox 133 2159 266 2242; x_wconf 85' lang='lat' dir='ltr'><strong>sineque</strong></span> <span class='ocrx_word' id='word_1_161' title='bbox 287 2161 354 2224; x_wconf 87' lang='lat' dir='ltr'><strong>ulla</strong></span> <span class='ocrx_word' id='word_1_162' title='bbox 382 2160 590 2244; x_wconf 78' lang='lat' dir='ltr'><strong>stipulabone</strong></span> <span class='ocrx_word' id='word_1_163' title='bbox 613 2157 760 2239; x_wconf 88' lang='lat' dir='ltr'><strong>credidit,</strong></span> <span class='ocrx_word' id='word_1_164' title='bbox 787 2158 962 2222; x_wconf 85' lang='lat' dir='ltr'><strong>maximum</strong></span> <span class='ocrx_word' id='word_1_165' title='bbox 991 2157 1097 2221; x_wconf 86' lang='lat' dir='ltr'><strong>existi-</strong></span> 
     </span>
     <span class='ocr_line' id='line_1_24' title="bbox 131 2241 1097 2326; baseline -0.004 -18"><span class='ocrx_word' id='word_1_166' title='bbox 131 2264 224 2307; x_wconf 83' lang='lat' dir='ltr'><strong>mans</strong></span> <span class='ocrx_word' id='word_1_167' title='bbox 251 2247 436 2326; x_wconf 89' lang='lat' dir='ltr'><strong>quaestum,</strong></span> <span class='ocrx_word' id='word_1_168' title='bbox 463 2263 638 2307; x_wconf 90' lang='lat' dir='ltr'><strong>memorem</strong></span> <span class='ocrx_word' id='word_1_169' title='bbox 659 2245 849 2326; x_wconf 80' lang='lat' dir='ltr'><strong>gratumque</strong></span> <span class='ocrx_word' id='word_1_170' title='bbox 870 2241 1031 2326; x_wconf 79' lang='lat' dir='ltr'><strong>cognosci,</strong></span> <span class='ocrx_word' id='word_1_171' title='bbox 1057 2242 1097 2304; x_wconf 89' lang='lat' dir='ltr'><strong>si·</strong></span> 
     </span>
     <span class='ocr_line' id='line_1_25' title="bbox 132 2325 1097 2410; baseline -0.002 -20"><span class='ocrx_word' id='word_1_172' title='bbox 132 2328 263 2410; x_wconf 89' lang='lat' dir='ltr'><strong>mulque</strong></span> <span class='ocrx_word' id='word_1_173' title='bbox 285 2327 433 2410; x_wconf 89' lang='lat' dir='ltr'><strong>aperiens</strong></span> <span class='ocrx_word' id='word_1_174' title='bbox 454 2348 489 2391; x_wconf 90' lang='lat' dir='ltr'><strong>se</strong></span> <span class='ocrx_word' id='word_1_175' title='bbox 502 2347 570 2390; x_wconf 89' lang='lat' dir='ltr'><strong>non</strong></span> <span class='ocrx_word' id='word_1_176' title='bbox 584 2327 743 2406; x_wconf 87' lang='lat' dir='ltr'><strong>fortunae,</strong></span> <span class='ocrx_word' id='word_1_177' title='bbox 765 2325 821 2388; x_wconf 89' lang='lat' dir='ltr'><strong>sed</strong></span> <span class='ocrx_word' id='word_1_178' title='bbox 842 2325 1026 2388; x_wconf 88' lang='lat' dir='ltr'><strong>hominibus</strong></span> <span class='ocrx_word' id='word_1_179' title='bbox 1048 2345 1097 2388; x_wconf 88' lang='lat' dir='ltr'><strong>so-</strong></span> 
     </span>
     <span class='ocr_line' id='line_1_26' title="bbox 132 2407 1215 2493; baseline -0.006 -18"><span class='ocrx_word' id='word_1_180' title='bbox 132 2412 198 2474; x_wconf 90' lang='lat' dir='ltr'><strong>lere</strong></span> <span class='ocrx_word' id='word_1_181' title='bbox 226 2431 294 2475; x_wconf 89' lang='lat' dir='ltr'><strong>esse</strong></span> <span class='ocrx_word' id='word_1_182' title='bbox 322 2411 469 2475; x_wconf 89' lang='lat' dir='ltr'><strong>amicum.</strong></span> <span class='ocrx_word' id='word_1_183' title='bbox 513 2430 595 2493; x_wconf 90' lang='lat' dir='ltr'><strong>quae</strong></span> <span class='ocrx_word' id='word_1_184' title='bbox 621 2429 695 2472; x_wconf 92' lang='lat' dir='ltr'><strong>cum</strong></span> <span class='ocrx_word' id='word_1_185' title='bbox 719 2407 871 2488; x_wconf 88' lang='lat' dir='ltr'><strong>faciebat,</strong></span> <span class='ocrx_word' id='word_1_186' title='bbox 898 2428 993 2470; x_wconf 88' lang='lat' dir='ltr'><strong>nemo</strong></span> <span class='ocrx_word' id='word_1_187' title='bbox 1022 2421 1127 2470; x_wconf 82' lang='lat' dir='ltr'><strong>eume</strong></span> <span class='ocrx_word' id='word_1_188' title='bbox 1212 2473 1215 2478; x_wconf 68' lang='grc'><strong>,</strong></span> 
     </span>
     <span class='ocr_line' id='line_1_27' title="bbox 131 2490 1097 2589; baseline -0.005 -31"><span class='ocrx_word' id='word_1_189' title='bbox 131 2495 287 2577; x_wconf 84' lang='lat' dir='ltr'><strong>temporis</strong></span> <span class='ocrx_word' id='word_1_190' title='bbox 322 2515 417 2558; x_wconf 89' lang='lat' dir='ltr'><strong>causa</strong></span> <span class='ocrx_word' id='word_1_191' title='bbox 449 2495 555 2558; x_wconf 86' lang='lat' dir='ltr'><strong>facere</strong></span> <span class='ocrx_word' id='word_1_192' title='bbox 582 2494 711 2589; x_wconf 87' lang='lat' dir='ltr'><strong>poterat</strong></span> <span class='ocrx_word' id='word_1_193' title='bbox 740 2490 937 2554; x_wconf 85' lang='lat' dir='ltr'><strong>existimare:</strong></span> <span class='ocrx_word' id='word_1_194' title='bbox 974 2490 1097 2554; x_wconf 91' lang='lat' dir='ltr'><strong>nemini</strong></span> 
     </span>
     <span class='ocr_line' id='line_1_28' title="bbox 133 2575 1097 2660; baseline -0.005 -18"><span class='ocrx_word' id='word_1_195' title='bbox 133 2578 221 2641; x_wconf 89' lang='lat' dir='ltr'><strong>enim</strong></span> <span class='ocrx_word' id='word_1_196' title='bbox 250 2578 286 2642; x_wconf 89' lang='lat' dir='ltr'><strong>in</strong></span> <span class='ocrx_word' id='word_1_197' title='bbox 308 2578 495 2660; x_wconf 88' lang='lat' dir='ltr'><strong>opinionem</strong></span> <span class='ocrx_word' id='word_1_198' title='bbox 516 2577 665 2641; x_wconf 81' lang='lat' dir='ltr'><strong>vomebat</strong></span> <span class='ocrx_word' id='word_1_199' title='bbox 685 2575 865 2639; x_wconf 90' lang='lat' dir='ltr'><strong>Antonium</strong></span> <span class='ocrx_word' id='word_1_200' title='bbox 886 2595 993 2639; x_wconf 87' lang='lat' dir='ltr'><strong>rerum</strong></span> <span class='ocrx_word' id='word_1_201' title='bbox 1013 2576 1097 2656; x_wconf 87' lang='lat' dir='ltr'><strong>poti-</strong></span> 
     </span>
     <span class='ocr_line' id='line_1_29' title="bbox 131 2657 1126 2742; baseline -0.007 -17"><span class='ocrx_word' id='word_1_202' title='bbox 131 2666 251 2726; x_wconf 91' lang='lat' dir='ltr'><strong>turum.</strong></span> <span class='ocrx_word' id='word_1_203' title='bbox 303 2660 359 2725; x_wconf 88' lang='lat' dir='ltr'><strong>sed</strong></span> <span class='ocrx_word' id='word_1_204' title='bbox 392 2682 503 2726; x_wconf 88' lang='lat' dir='ltr'><strong>sensus</strong></span> <span class='ocrx_word' id='word_1_205' title='bbox 537 2661 605 2725; x_wconf 88' lang='lat' dir='ltr'><strong>eius</strong></span> <span class='ocrx_word' id='word_1_206' title='bbox 638 2681 658 2723; x_wconf 88' lang='lat' dir='ltr'><strong>a</strong></span> <span class='ocrx_word' id='word_1_207' title='bbox 689 2658 856 2724; x_wconf 87' lang='lat' dir='ltr'><strong>nonnullis</strong></span> <span class='ocrx_word' id='word_1_208' title='bbox 887 2657 1126 2742; x_wconf 74' lang='lat' dir='ltr'><strong>optimatibusr</strong></span> 
     </span>
     <span class='ocr_line' id='line_1_30' title="bbox 132 2741 1097 2890; baseline -0.004 -83"><span class='ocrx_word' id='word_1_209' title='bbox 132 2743 439 2890; x_wconf 84' lang='lat' dir='ltr'><strong>reprehendebatur,</strong></span> <span class='ocrx_word' id='word_1_210' title='bbox 477 2744 564 2827; x_wconf 90' lang='lat' dir='ltr'><strong>quod</strong></span> <span class='ocrx_word' id='word_1_211' title='bbox 594 2764 709 2840; x_wconf 77' lang='lat' dir='ltr'><strong>parum</strong></span> <span class='ocrx_word' id='word_1_212' title='bbox 741 2742 845 2808; x_wconf 90' lang='lat' dir='ltr'><strong>odisse</strong></span> <span class='ocrx_word' id='word_1_213' title='bbox 877 2742 979 2805; x_wconf 89' lang='lat' dir='ltr'><strong>malos</strong></span> <span class='ocrx_word' id='word_1_214' title='bbox 1012 2741 1097 2804; x_wconf 86' lang='lat' dir='ltr'><strong>cives</strong></span> 
     </span>
    </p>
   </div>
   <div class='ocr_carea' id='block_1_3' title="bbox 1 2823 1122 2994">
    <p class='ocr_par' dir='ltr' id='par_1_3' title="bbox 1 2823 1122 2994">
     <span class='ocr_line' id='line_1_31' title="bbox 1 2823 1107 2921; baseline -0.011 -27"><span class='ocrx_word' id='word_1_215' title='bbox 1 2859 2 2920; x_wconf 68' lang='lat' dir='ltr'>j</span> <span class='ocrx_word' id='word_1_216' title='bbox 133 2849 165 2892; x_wconf 84' lang='lat' dir='ltr'><strong>vr</strong></span> <span class='ocrx_word' id='word_1_217' title='bbox 190 2831 306 2892; x_wconf 86' lang='lat' dir='ltr'><strong>eretur.</strong></span> <span class='ocrx_word' id='word_1_218' title='bbox 348 2828 403 2892; x_wconf 92' lang='lat' dir='ltr'><strong>ille</strong></span> <span class='ocrx_word' id='word_1_219' title='bbox 425 2832 534 2892; x_wconf 89' lang='lat' dir='ltr'><strong>autem</strong></span> <span class='ocrx_word' id='word_1_220' title='bbox 556 2849 607 2891; x_wconf 84' lang='lat' dir='ltr'><strong>sur</strong></span> <span class='ocrx_word' id='word_1_221' title='bbox 628 2826 747 2908; x_wconf 77' lang='lat' dir='ltr'><strong>rudiori,</strong></span> <span class='ocrx_word' id='word_1_222' title='bbox 768 2827 876 2908; x_wconf 88' lang='lat' dir='ltr'><strong>potius</strong></span> <span class='ocrx_word' id='word_1_223' title='bbox 896 2824 975 2921; x_wconf 76' lang='lat' dir='ltr'><strong>quid</strong></span> <span class='ocrx_word' id='word_1_224' title='bbox 996 2844 1030 2887; x_wconf 91' lang='lat' dir='ltr'><strong>se</strong></span> <span class='ocrx_word' id='word_1_225' title='bbox 1051 2823 1107 2920; x_wconf 62' lang='lat' dir='ltr'><strong>fa3.</strong></span> 
     </span>
     <span class='ocr_line' id='line_1_32' title="bbox 1 2905 1122 2994; baseline -0.007 -17"><span class='ocrx_word' id='word_1_226' title='bbox 1 2947 2 2950; x_wconf 34' lang='lat'>¹</span> <span class='ocrx_word' id='word_1_227' title='bbox 132 2933 204 2976; x_wconf 87' lang='lat' dir='ltr'><strong>cere</strong></span> <span class='ocrx_word' id='word_1_228' title='bbox 231 2933 292 2994; x_wconf 89' lang='lat' dir='ltr'><strong>par</strong></span> <span class='ocrx_word' id='word_1_229' title='bbox 312 2919 395 2976; x_wconf 86' lang='lat' dir='ltr'><strong>esset</strong></span> <span class='ocrx_word' id='word_1_230' title='bbox 416 2911 616 2993; x_wconf 85' lang='lat' dir='ltr'><strong>intuebatur,</strong></span> <span class='ocrx_word' id='word_1_231' title='bbox 644 2931 741 2992; x_wconf 89' lang='lat' dir='ltr'><strong>quam</strong></span> <span class='ocrx_word' id='word_1_232' title='bbox 762 2909 839 2993; x_wconf 91' lang='lat' dir='ltr'><strong>quid</strong></span> <span class='ocrx_word' id='word_1_233' title='bbox 861 2907 916 2972; x_wconf 89' lang='lat' dir='ltr'><strong>alu</strong></span> <span class='ocrx_word' id='word_1_234' title='bbox 937 2905 1097 2971; x_wconf 81' lang='lat' dir='ltr'><strong>laudatum</strong></span> <span class='ocrx_word' id='word_1_235' title='bbox 1119 2962 1122 2970; x_wconf 87' lang='lat'><em>.</em></span> 
     </span>
    </p>
   </div>
   <div class='ocr_carea' id='block_1_4' title="bbox 132 2995 1148 3146">
    <p class='ocr_par' dir='ltr' id='par_1_4' title="bbox 132 2995 1148 3146">
     <span class='ocr_line' id='line_1_33' title="bbox 132 2995 1148 3146; baseline 0.005 -10"><span class='ocrx_word' id='word_1_236' title='bbox 132 2995 382 3145; x_wconf 65' lang='lat' dir='ltr'><strong>forelldonceres</strong></span> <span class='ocrx_word' id='word_1_237' title='bbox 403 3080 509 3146; x_wconf 77' lang='lat' dir='ltr'><strong>subito</strong></span> <span class='ocrx_word' id='word_1_238' title='bbox 523 3080 655 3143; x_wconf 89' lang='lat' dir='ltr'><strong>fortuna</strong></span> <span class='ocrx_word' id='word_1_239' title='bbox 676 3081 733 3141; x_wconf 88' lang='lat' dir='ltr'><strong>est</strong></span> <span class='ocrx_word' id='word_1_240' title='bbox 769 3080 807 3142; x_wconf 90' lang='lat' dir='ltr'><strong>ut</strong></span> <span class='ocrx_word' id='word_1_241' title='bbox 820 3076 983 3141; x_wconf 89' lang='lat' dir='ltr'><strong>Antonius</strong></span> <span class='ocrx_word' id='word_1_242' title='bbox 1000 3075 1095 3140; x_wconf 89' lang='lat' dir='ltr'><strong>rediit</strong></span> <span class='ocrx_word' id='word_1_243' title='bbox 1108 3076 1148 3140; x_wconf 87' lang='lat'><strong>10</strong></span> 
     </span>
    </p>
   </div>
   <div class='ocr_carea' id='block_1_5' title="bbox 1 3145 1098 3247">
    <p class='ocr_par' dir='ltr' id='par_1_5' title="bbox 1 3145 1098 3247">
     <span class='ocr_line' id='line_1_34' title="bbox 1 3145 1098 3247; baseline -0.005 -19"><span class='ocrx_word' id='word_1_244' title='bbox 1 3145 2 3228; x_wconf 78' lang='lat'><em>}</em></span> <span class='ocrx_word' id='word_1_245' title='bbox 131 3166 167 3228; x_wconf 91' lang='lat' dir='ltr'><strong>in</strong></span> <span class='ocrx_word' id='word_1_246' title='bbox 188 3162 335 3247; x_wconf 89' lang='lat' dir='ltr'><strong>Italiam,</strong></span> <span class='ocrx_word' id='word_1_247' title='bbox 363 3185 459 3232; x_wconf 91' lang='lat' dir='ltr'><strong>nemo</strong></span> <span class='ocrx_word' id='word_1_248' title='bbox 487 3184 555 3227; x_wconf 89' lang='lat' dir='ltr'><strong>non</strong></span> <span class='ocrx_word' id='word_1_249' title='bbox 579 3182 699 3246; x_wconf 80' lang='lat' dir='ltr'><strong>magno</strong></span> <span class='ocrx_word' id='word_1_250' title='bbox 726 3160 761 3224; x_wconf 93' lang='lat' dir='ltr'><strong>in</strong></span> <span class='ocrx_word' id='word_1_251' title='bbox 789 3162 931 3244; x_wconf 89' lang='lat' dir='ltr'><strong>periculo</strong></span> <span class='ocrx_word' id='word_1_252' title='bbox 953 3159 1098 3224; x_wconf 85' lang='lat' dir='ltr'><strong>Atticum</strong></span> 
     </span>
    </p>
   </div>
   <div class='ocr_carea' id='block_1_6' title="bbox 1 3239 1126 3416">
    <p class='ocr_par' dir='ltr' id='par_1_6' title="bbox 1 3239 1126 3416">
     <span class='ocr_line' id='line_1_35' title="bbox 1 3239 1098 3394; baseline -0.006 -81"><span class='ocrx_word' id='word_1_253' title='bbox 1 3239 2 3305; x_wconf 59' lang='grc' dir='ltr'>ἶ</span> <span class='ocrx_word' id='word_1_254' title='bbox 131 3251 262 3394; x_wconf 67' lang='lat' dir='ltr'><strong>putarat</strong></span> <span class='ocrx_word' id='word_1_255' title='bbox 282 3252 416 3332; x_wconf 88' lang='lat' dir='ltr'><strong>propter</strong></span> <span class='ocrx_word' id='word_1_256' title='bbox 437 3248 585 3312; x_wconf 89' lang='lat' dir='ltr'><strong>intimam</strong></span> <span class='ocrx_word' id='word_1_257' title='bbox 606 3243 858 3310; x_wconf 85' lang='lat' dir='ltr'><strong>familiaritatem</strong></span> <span class='ocrx_word' id='word_1_258' title='bbox 880 3243 1043 3310; x_wconf 79' lang='lat' dir='ltr'><strong>Ciceronis</strong></span> <span class='ocrx_word' id='word_1_259' title='bbox 1065 3251 1098 3307; x_wconf 90' lang='lat' dir='ltr'><strong>et</strong></span> 
     </span>
     <span class='ocr_line' id='line_1_36' title="bbox 1 3327 1126 3416; baseline -0.01 -18"><span class='ocrx_word' id='word_1_260' title='bbox 1 3361 2 3372; x_wconf 41' lang='grc' dir='ltr'><strong>ι</strong></span> <span class='ocrx_word' id='word_1_261' title='bbox 161 3333 236 3396; x_wconf 88' lang='lat' dir='ltr'><strong>ruti.</strong></span> <span class='ocrx_word' id='word_1_262' title='bbox 291 3332 401 3416; x_wconf 88' lang='lat' dir='ltr'><strong>itaque</strong></span> <span class='ocrx_word' id='word_1_263' title='bbox 425 3332 470 3410; x_wconf 78' lang='lat' dir='ltr'><strong>ad</strong></span> <span class='ocrx_word' id='word_1_264' title='bbox 491 3331 664 3396; x_wconf 84' lang='lat' dir='ltr'><strong>adventurn</strong></span> <span class='ocrx_word' id='word_1_265' title='bbox 693 3329 921 3412; x_wconf 89' lang='lat' dir='ltr'><strong>imperatorum</strong></span> <span class='ocrx_word' id='word_1_266' title='bbox 953 3328 991 3392; x_wconf 90' lang='lat' dir='ltr'><strong>dc</strong></span> <span class='ocrx_word' id='word_1_267' title='bbox 1022 3327 1126 3390; x_wconf 72' lang='lat' dir='ltr'><strong>foros</strong></span> 
     </span>
    </p>
   </div>
   <div class='ocr_carea' id='block_1_7' title="bbox 1 3411 1096 3499">
    <p class='ocr_par' dir='ltr' id='par_1_7' title="bbox 1 3411 1096 3499">
     <span class='ocr_line' id='line_1_37' title="bbox 1 3411 1096 3499; baseline -0.005 -20"><span class='ocrx_word' id='word_1_268' title='bbox 1 3418 2 3428; x_wconf 75' lang='grc'>’</span> <span class='ocrx_word' id='word_1_269' title='bbox 132 3415 326 3498; x_wconf 89' lang='lat' dir='ltr'><strong>decesserat,</strong></span> <span class='ocrx_word' id='word_1_270' title='bbox 354 3416 472 3480; x_wconf 82' lang='lat' dir='ltr'><strong>timens</strong></span> <span class='ocrx_word' id='word_1_271' title='bbox 499 3414 781 3499; x_wconf 88' lang='lat' dir='ltr'><strong>proscriptionem,</strong></span> <span class='ocrx_word' id='word_1_272' title='bbox 809 3413 990 3492; x_wconf 87' lang='lat' dir='ltr'><strong>latebatque</strong></span> <span class='ocrx_word' id='word_1_273' title='bbox 1011 3411 1096 3493; x_wconf 87' lang='lat' dir='ltr'><strong>apud</strong></span> 
     </span>
    </p>
   </div>
   <div class='ocr_carea' id='block_1_8' title="bbox 132 3496 1095 3583">
    <p class='ocr_par' dir='ltr' id='par_1_8' title="bbox 132 3496 1095 3583">
     <span class='ocr_line' id='line_1_38' title="bbox 132 3496 1095 3583; baseline -0.009 -19"><span class='ocrx_word' id='word_1_274' title='bbox 132 3499 168 3565; x_wconf 90' lang='lat' dir='ltr'><strong>P.</strong></span> <span class='ocrx_word' id='word_1_275' title='bbox 191 3499 416 3583; x_wconf 89' lang='lat' dir='ltr'><strong>Volumnium,</strong></span> <span class='ocrx_word' id='word_1_276' title='bbox 438 3499 500 3582; x_wconf 89' lang='lat' dir='ltr'><strong>cui,</strong></span> <span class='ocrx_word' id='word_1_277' title='bbox 521 3501 559 3562; x_wconf 92' lang='lat' dir='ltr'><strong>ut</strong></span> <span class='ocrx_word' id='word_1_278' title='bbox 573 3497 779 3579; x_wconf 87' lang='lat' dir='ltr'><strong>ostendimus,</strong></span> <span class='ocrx_word' id='word_1_279' title='bbox 800 3496 896 3580; x_wconf 90' lang='lat' dir='ltr'><strong>paulo</strong></span> <span class='ocrx_word' id='word_1_280' title='bbox 913 3497 987 3557; x_wconf 88' lang='lat' dir='ltr'><strong>ante</strong></span> <span class='ocrx_word' id='word_1_281' title='bbox 1002 3513 1095 3576; x_wconf 89' lang='lat' dir='ltr'><strong>opem</strong></span> 
     </span>
    </p>
   </div>
   <div class='ocr_carea' id='block_1_9' title="bbox 0 0 1237 3884">
    <p class='ocr_par' dir='ltr' id='par_1_9' title="bbox 0 0 1237 3884">
     <span class='ocr_line' id='line_1_39' title="bbox 0 0 1237 3884; baseline 0 0"><span class='ocrx_word' id='word_1_282' title='bbox 0 0 1237 3884; x_wconf 95' lang='lat' dir='ltr'><strong> </strong></span> 
     </span>
    </p>
   </div>
  </div>
 </body>
</html>
