2456 3884
480 224 515 271 x.
548 223 643 271 mou.
666 220 691 269 1.
1021 207 1062 274 37

12 347 14 406 ἶ
94 359 261 441 civitates,
294 357 377 420 clam
406 356 480 421 dare
503 379 639 504 ,operam
668 359 787 442 eoepit,
815 362 852 422 ut
878 357 1004 422 Ioniam
1032 362 1064 422 et

12 437 13 510 Ῐ
94 442 247 507 Aeoliam
274 441 460 506 restitueret
485 443 531 505 At
554 441 746 507 eniensibus.
796 442 829 506 id
856 463 929 506 cum
956 441 1093 507 minues

12 571 13 580 ἦ
96 527 270 611 diligenter
285 529 370 589 esset
384 526 531 609 celatum,
546 525 719 610 liribazus,
735 527 791 610 qui
806 524 958 592 Sardibus
974 547 1064 608 prae·

12 637 13 660 ÷
97 615 183 693 erat,
212 608 379 674 Cononem
407 611 566 693 evocavit,
598 609 752 674 simulans
784 609 825 674 ad
854 629 964 707 regem
991 631 1065 673 eum

12 711 14 776 ξ
96 716 132 758 sa
154 694 282 758 mittere
305 693 388 757 velle
410 713 528 778 magna
550 694 588 767 de
610 715 654 758 re.
692 694 787 758 huius
808 697 924 776 nuntio
946 715 1063 777 parens

12 811 14 842 i
96 799 171 842 cum
192 777 343 860 venisset,
365 778 401 842 in
423 777 530 842 vinela
549 780 711 842 coniectus
733 781 791 860 est,
812 777 848 841 in
870 778 985 861 quibus
1006 777 1063 841 ali-

12 871 13 940 ]
97 861 252 944 quamdiu
266 859 338 924 fuit.
371 860 446 926 inde
460 862 610 926 nonnulli
624 883 697 926 eum
711 861 751 926 ad
765 881 874 945 regem
888 861 1091 926 abductumr

97 947 207 1028 ibique
230 965 305 1008 eum
326 945 447 1029 perisse
469 945 850 1028 scriptum'reliquerunt.
892 949 1005 1010 contra
1026 965 1064 1009 ea

96 1029 210 1094 Dinon
231 1028 405 1094 historiam
411 1080 420 1113 ,
449 1030 501 1093 cui
520 1051 581 1094 nos
602 1030 776 1113 plurimum
798 1030 836 1093 de
858 1029 994 1094 Persicis
1015 1049 1063 1092 re·

97 1116 158 1178 bus
174 1111 342 1196 credimus,
353 1113 501 1198 effugisse
517 1114 658 1196 scripsit:
673 1113 753 1177 illud
768 1113 943 1197 addubitat,
957 1117 1063 1178 utrum

12 1237 14 1286 ,
98 1197 249 1262 Tiribazo
272 1196 392 1262 sciente
414 1219 456 1262 an
477 1197 678 1280 imprudente
701 1198 743 1262 sit
764 1197 894 1262 factum.

481 1399 682 1412 m

466 1551 512 1627 X.
563 1551 689 1627 DION.
767 1534 770 1538 ⁵

182 1697 286 1782 Dion,
309 1689 482 1782 Hipparini
503 1699 604 1782 filius,
627 1698 843 1783 Syracusanus
879 1699 982 1764 nobili
1008 1717 1061 1782 ge·
1080 1699 1096 1760 1

97 1804 175 1848 nere
201 1787 314 1868 natus,
341 1786 476 1865 utraque
498 1783 679 1866 implicatus
701 1749 870 1867 tyrannide
892 1783 1062 1864 Dionysio-

97 1889 179 1932 rum.
223 1887 364 1950 namque
386 1867 440 1931 ille
463 1867 609 1949 superior
629 1867 890 1948 Aristomachen,
920 1886 1062 1931 sororem

97 1951 233 2034 Dionis,
262 1950 375 2014 habuit
400 1951 435 2014 in
463 1951 683 2033 matrimonio,
711 1971 749 2014 ex
777 1972 841 2034 qua
868 1948 947 2014 duos
968 1949 1062 2032 filios,
1144 1995 1156 2004 ,

60 2091 63 2094 .
97 2034 319 2117 Hipparinum
333 2036 365 2098 et
378 2033 542 2118 Nisaeum,
564 2035 745 2118 procreavit
757 2032 955 2116 totidemque
969 2033 1062 2116 filias,

96 2117 236 2265 {omine
260 2117 488 2265 Spphrosynen
521 2123 554 2184 et
584 2121 722 2202 Areten,
755 2140 891 2202 quarum
921 2118 1062 2202 priorem

130 2223 188 2266 1on
226 2223 258 2266 ro

99 2224 375 2368 deffitfsslteram,
397 2289 529 2368 Areten,
551 2285 660 2351 Diom.
697 2286 785 2352 Dion
806 2288 1091 2369 autempraetc12

98 2369 241 2434 nobilem
262 2369 538 2453 propinquitatem
559 2391 809 2454 generosamque
830 2371 989 2433 maiorum
1015 2367 1061 2430 fa·
1133 2392 1137 2398 ’

98 2475 185 2517 mam
201 2453 305 2518 multa
319 2453 382 2518 alia
403 2455 443 2518 ab
463 2457 580 2518 natura
600 2454 714 2518 habuit
727 2453 822 2534 bona,
843 2453 879 2516 in
901 2453 952 2516 his
973 2452 1062 2534 inge·

98 2538 189 2601 nium
205 2537 318 2621 docile,
342 2557 441 2621 come,
463 2542 575 2621 aptum
589 2536 630 2602 ad
649 2543 734 2602 artes
749 2537 896 2620 optimas,
911 2556 1062 2621 magnam

97 2621 243 2704 eorporis
265 2621 465 2706 dignitatem,
488 2643 570 2705 quae
584 2643 653 2686 non
666 2621 836 2685 minimum
850 2619 1061 2701 commendat,

97 2725 234 2789 magnas
255 2708 420 2788 praeterea
434 2704 567 2770 divitias
584 2728 604 2770 a
622 2710 713 2788 patre
733 2705 870 2788 relictas,
915 2727 972 2770 uas
993 2705 1061 2786 ipse

96 2789 229 2871 tyranni
257 2789 443 2854 muneribus
464 2793 604 2854 auxerat.
654 2793 723 2853 erat
748 2790 882 2853 intimus
934 2787 1091 2869 ionysiot

97 2873 215 2954 priori,
242 2893 347 2955 neque
376 2873 483 2937 minus
510 2877 641 2970 propter
668 2894 772 2937 mores
800 2893 897 2955 quam
924 2871 1062 2934 affinita

97 2960 172 3019 tem.
210 2976 350 3039 namque
372 2957 433 3021 etsi
450 2956 599 3039 Dionysri
620 2955 790 3020 crudelitas
813 2954 842 3018 ei
864 2953 1061 3036 displicebat,

95 3044 208 3102 temen
230 3037 358 3104 salrum'
376 3061 435 3122 pro
459 3044 508 3104 ter
528 3039 810 3122 necessitudinem,
840 3037 943 3134 magis
965 3038 1062 3102 etiam

96 3143 230 3186 suorum
247 3143 343 3188 causa
370 3127 422 3188 stu
444 3124 525 3188 ebat.
581 3123 690 3186 aderat
726 3123 762 3186 in
798 3142 925 3206 magnis
956 3123 1061 3204 rebus,

95 3206 230 3288 eiusque
262 3207 398 3272 consilio
431 3207 568 3271 multum
588 3207 776 3270 movebatur
797 3211 968 3290 tyrannus,
997 3207 1062 3270 nisi

97 3309 160 3371 qua
181 3289 218 3354 in
239 3312 275 3354 re
295 3291 400 3355 maior
413 3291 514 3374 ipsius
528 3289 686 3373 cupiditas
697 3290 931 3356 intercesserat.
974 3291 1090 3374 lega-s

94 3373 202 3438 tiones
235 3395 312 3438 vcro
346 3395 471 3456 omnes,
512 3395 594 3456 quae
626 3378 732 3439 essent
764 3375 968 3455 illustriores,
1003 3393 1061 3454 per

92 3454 237 3522 Dionem
249 3457 570 3523 administrabantur:
587 3480 666 3542 quas
682 3458 810 3542 quidem
824 3459 879 3524 ille
891 3457 1062 3540 diligenter

319 2203 357 2285 'o,
381 2202 497 2285 eidem,
524 2204 576 2266 oui
596 2224 732 2300 regnum
758 2203 903 2286 reliquit,
925 2206 1061 2286 nuptum
