2456 3884
152 251 213 316 108
428 261 513 310 xxv.
550 261 704 310 armeus.
728 257 769 306 ra.
793 255 833 308 re.

1215 227 1217 272 ι

1215 282 1219 385 l

148 404 219 466 tum
239 402 372 482 propter
392 417 525 482 magnas
554 395 622 458 eius
644 394 814 458 Africanas
839 395 1065 476 possessiones
1090 396 1131 461 in
1218 393 1220 466 ξ

119 482 402 630 ⁶proscriptorum
428 500 598 544 numerum
624 500 645 542 a
671 477 707 542 P.
730 476 924 560 Volumnio,
952 480 1129 562 praefecte

1220 490 1222 544 l

165 569 278 632 ebrum
299 564 446 647 Antonii,
467 564 633 628 absentem
644 562 792 658 'relatum
814 560 985 659 expedivit
1033 565 1130 647 quod
1220 549 1222 586 ¹

149 649 361 797 inpraesenti
374 652 484 745 utrum
505 647 536 710 ei
548 645 741 742 laboriosius
763 665 805 708 an
820 645 994 742 glouosrus
1003 645 1128 743 fuerit,
1222 656 1224 666 ’

150 733 200 798 ‹uf
220 733 280 798 erle
308 737 358 797 est
383 731 538 813 iudicare,
566 727 653 813 quod
679 750 715 793 m
728 749 848 793 eorum
875 729 1029 812 periculis
1051 753 1129 796 non
1223 771 1224 789 ι

1222 813 1225 912 Ι

150 838 242 882 secus
263 817 410 881 absentes
433 836 529 898 quam
554 816 738 897 praesentes
766 812 886 876 amicos
908 813 1020 878 Attico
1050 836 1126 880 esse

150 922 244 966 curae
266 900 432 984 cognitum
455 905 512 964 est.
585 945 589 948 -

104 984 141 1049 13
233 982 348 1066 Neque
379 1003 455 1047 vero
487 981 542 1045 ille
574 981 681 1045 minus
713 980 818 1044 bonus
850 984 943 1062 pater
975 981 1123 1046 familias

149 1068 279 1132 habitus
300 1069 349 1132 est
370 1087 466 1163 quam
483 1065 572 1129 civis.
616 1085 690 1128 nam
712 1084 785 1128 eum
807 1067 890 1127 esset
910 1065 1120 1150 pecuniosus,

150 1173 246 1217 nemo
267 1151 325 1215 illo
340 1172 447 1216 murus
460 1149 525 1214 fuit
539 1169 639 1231 emax,
657 1147 764 1211 minus
779 1145 972 1212 aedificator.
1006 1169 1118 1232 neque

150 1243 260 1300 tamen
286 1256 355 1299 nen
386 1235 421 1298 in
452 1233 565 1316 primis
596 1233 679 1296 bene
709 1230 870 1294 habitarit
901 1232 1119 1316 omnibusque

121 1320 283 1403 septimis
305 1322 399 1383 rebus
421 1338 496 1382 usus
511 1321 568 1382 est
604 1337 680 1379 nam
695 1313 826 1378 domum
839 1315 954 1378 habuit
975 1317 1010 1379 in
1032 1317 1119 1382 celle

152 1402 311 1479 Quirinali
332 1400 606 1485 Tamphilianam,
628 1400 669 1464 ab
690 1398 849 1463 auunculo
869 1398 1047 1464 hereditate
1068 1422 1119 1465 re-

150 1489 268 1570 lictum,
291 1487 380 1551 ciuus
401 1485 578 1550 amoenitas
599 1504 668 1548 non
686 1481 841 1566 aedificio,
863 1481 919 1546 sed
939 1483 1022 1547 silva
1041 1506 1120 1549 con·

151 1573 270 1636 stabat:
298 1570 405 1652 ipsum
431 1569 517 1633 enirn
543 1572 664 1632 tectum
699 1566 877 1650 antiquitus
904 1568 1120 1634 constitutum

150 1656 224 1739 plus
245 1653 320 1718 salis
335 1675 432 1751 quam
445 1655 591 1800 sumptus
612 1651 766 1715 habebat:
789 1650 824 1714 iu
846 1671 910 1734 quo
932 1651 1017 1715 nihil
1031 1673 1120 1717 com-

121 1740 299 1822 emutavit,
320 1739 384 1803 mei
405 1737 433 1803 si
454 1737 510 1822 qui
545 1739 703 1803 vetustate
717 1738 846 1804 coaetus
868 1739 925 1802 est.
969 1757 1043 1802 usus
1066 1742 1118 1803 est

151 1825 284 1907 familia,
308 1824 335 1888 si
350 1823 489 1890 utilitate
502 1823 706 1888 iudicandum
721 1827 778 1906 est,
801 1822 933 1922 optima,
954 1823 986 1888 'si
1000 1823 1127 1910 forma,¹

152 1910 205 1972 rix
234 1908 396 1974 mediocri.
440 1930 579 1992 namque
599 1908 635 1972 in
657 1929 695 1972 ea
721 1913 814 1972 erant
840 1929 933 1990 puen
953 1909 1118 1976 litteratis·

152 1993 240 2076 rimi,
268 1995 465 2078 anagnostae
493 1993 608 2077 optimi
638 1997 670 2068 et
689 1991 822 2076 plurimi
844 1992 983 2076 librarii,
1015 1998 1053 2058 ut
1074 2017 1119 2060 ne

151 2077 359 2160 pedissequus
381 2075 510 2161 quidem
532 2077 700 2170 quisquam
715 2081 806 2160 esset,
829 2077 973 2173 quinon
994 2082 1119 2144 utrum·

151 2181 214 2242 que
235 2161 352 2224 horum
369 2161 503 2242 pulchre
517 2161 622 2224 facere
643 2164 760 2244 posset,
805 2183 853 2224 arr
867 2159 962 2225 modo
975 2161 1118 2226 artifices

151 2244 264 2325 ceteri,
297 2264 379 2326 quos
410 2243 515 2307 cultus
546 2241 737 2309 domesticus
769 2182 941 2341 desiderat,
970 2243 1116 2327 adprime

122 2327 240 2392 eboni.
275 2348 380 2410 neque
393 2330 503 2390 tamen
523 2327 639 2392 horum
660 2350 854 2412 quemquam
874 2329 938 2392 nist
952 2327 1038 2393 domi
1058 2350 1119 2394 na-

150 2415 222 2476 tum
243 2411 393 2495 domique
413 2411 535 2476 factum
556 2411 684 2476 habuit:
712 2412 800 2494 quod
828 2416 883 2476 est
898 2412 1027 2497 signum
1046 2434 1120 2478 non

152 2497 257 2560 selum
278 2495 510 2578 continentiae,
540 2495 596 2558 sed
623 2495 719 2560 etiam
740 2494 936 2580 diligentiae.
978 2517 1055 2560 nam
1085 2502 1121 2562 et

151 2599 219 2643 non
240 2578 492 2660 intemperanter
505 2579 738 2662 concupiscere,
761 2579 848 2662 quod
868 2601 888 2642 a
900 2579 1049 2663 plurimis
1070 2581 1120 2645 vi·

100 2709 105 2716 ,
152 2659 241 2744 deas,
273 2662 468 2724 continentis
497 2662 591 2726 dehet
624 2662 712 2744 duci,
746 2668 779 2728 et
807 2663 915 2747 potius
948 2663 1121 2749 diligentia

153 2765 249 2828 quam
276 2743 380 2827 pretio
408 2764 522 2826 parare
548 2765 618 2808 non
646 2745 815 2811 mediocris
850 2751 899 2812 est
930 2747 1119 2814 industriae.

121 2834 138 2884 ὅ
154 2829 294 2916 elegans,
308 2850 377 2894 non
391 2828 590 2912 magnificus,
643 2827 798 2912 lendidus,
813 2850 881 2894 non
895 2837 1120 2915 sumptuosus:

153 2915 320 2998 omnisque
342 2911 510 2997 diligentia
529 2933 607 2975 mun
632 2911 734 2994 'tiam,
755 2933 823 2977 non
844 2914 1045 2980 affluentiam
1065 2915 1121 2979 ad·

151 2997 301 3064 lectabat.
344 2997 488 3082 supellex
509 2994 649 3076 modica,
679 3018 747 3061 non
768 2997 885 3080 multa,
912 3001 950 3060 ut
978 2998 1014 3061 in
1039 3019 1121 3063 neu·
1212 3014 1214 3020 ’

123 3081 237 3145 ttrem
253 3087 382 3166 partem
404 3081 546 3163 conspici
567 3084 701 3177 posset..
720 3101 780 3145 nec
793 3081 985 3178 praeteribo,
1008 3102 1121 3178 quant·
1215 3087 1219 3104 '

154 3182 250 3244 quam
271 3165 437 3230 nonnullis
459 3164 529 3228 leve
544 3185 649 3228 ursum
663 3185 703 3227 ιιι
717 3167 839 3246 putem,
862 3185 935 3229 cum
956 3186 992 3228 ιιι
1007 3186 1122 3247 prrmrs

152 3243 260 3311 lautus
283 3253 366 3312 esset
380 3270 476 3332 eques
490 3246 655 3312 Romanus
678 3253 710 3312 et
725 3269 793 3312 nou
807 3271 922 3331 parum
942 3248 1123 3313 liberaliter

153 3327 284 3396 domum
315 3352 406 3394 suam
434 3333 578 3396 omnium
608 3330 759 3396 ordinum
787 3332 935 3396 homines
956 3331 1121 3415 invitaret,

153 3431 221 3478 non
243 3413 380 3496 amplius
402 3415 499 3494 quam
519 3419 613 3477 terna
633 3416 723 3479 milia
745 3437 903 3499 peraeque
923 3415 959 3479 in
973 3415 1122 3500 singulos

33 3552 37 3558 .
152 3511 278 3560 menses
301 3516 340 3560 ex
361 3493 564 3577 ephemeride
585 3518 659 3561 eum
674 3519 850 3582 expensum
871 3499 1014 3582 sumptui
1036 3499 1122 3564 ferre
