2456 3884
424 242 472 290 γι.
502 241 698 292 arsinoae.
720 241 745 290 a.
766 239 792 291 a
1044 231 1087 299 23
1132 235 1133 240 ’
1178 279 1181 286 .

2 404 4 468 3
115 377 396 448 Lacedaemonem
417 377 582 460 miserunt,
604 378 661 461 qui
674 376 875 462 Lysandrum
892 386 1087 467 accusarent,

2 517 3 522 ,
117 461 209 548 quod
223 460 404 526 sacerdotes
418 460 488 526 iani
501 482 704 545 corrumpere
719 466 852 527 conatus
867 468 958 530 esset
995 479 1119 531 acon-e

120 551 211 612 satus
236 547 299 610 hoc
327 544 463 610 crimine
488 545 692 630 iudicumque
718 546 884 612 absolutus
910 550 1087 632 sententiis,

120 629 347 695 Orchomeniis
368 629 485 694 missus
506 628 648 704 subsidio
671 630 793 694 occisus
814 634 864 695 eet
884 653 905 695 a
924 631 1087 698 Thebanis

119 715 206 798 apud
227 713 422 778 Haliartum.
467 735 563 797 quarn
584 735 659 778 vere
681 713 719 778 de
742 734 780 778 eo
801 714 887 780 foret
899 715 1116 801 iudicatam,e

119 798 226 864 oratio
247 797 369 862 indicio
390 796 463 880 fuit,
489 815 570 880 quae
591 801 666 880 post
686 801 824 862 mortem
843 799 879 863 in
901 799 996 866 domo
1018 801 1086 866 eine

120 885 249 966 reporta
271 885 335 964 est,
363 881 399 944 in
420 902 484 964 qua
505 880 618 945 euadat
637 881 912 967 Lacedaemoniis,
940 889 977 949 ut
997 885 1087 971 regia

120 969 282 1112 potestate
303 963 460 1030 dissoluta
474 965 677 1030 exomnibas
697 965 760 1030 dux
782 965 940 1052 deligatur
961 967 1002 1032 ad
1022 968 1088 1034 bel·

134 1071 191 1114 um
212 1048 403 1134 gerendum,
432 1047 487 1113 sed
514 1051 559 1113 sic
586 1049 719 1132 scripta,
748 1054 786 1115 ut
810 1050 905 1115 deum
925 1051 1088 1118 videretur

122 1152 302 1231 congruere
331 1133 524 1214 sententiae,
552 1153 649 1216 quam
674 1133 729 1197 ille
756 1155 791 1199 se
818 1133 1004 1200 hebitsrum
1032 1158 1087 1220 pe·

1 1237 2 1240 ’
122 1239 222 1282 cuma
242 1217 343 1282 fidens
362 1237 431 1282 non
452 1216 622 1281 dubitarat.
658 1216 742 1282 hanc
762 1217 793 1282 ei
807 1218 970 1302 scripsisse
986 1217 1088 1285 Oleon

1 1325 2 1392 3
124 1301 378 1366 Halicarnasius
400 1300 526 1366 dicitu.

1 1441 2 1454 ,
206 1387 317 1469 Atque
337 1385 400 1450 hoc
421 1383 493 1450 loco
513 1403 584 1450 non
605 1389 653 1450 est
678 1384 944 1468 praetereundum
964 1387 1086 1453 iactum
1102 1391 1125 1452 4

1 1473 2 1532 ;
121 1469 335 1553 Pharnabazi,
357 1470 492 1552 satrapis
513 1469 604 1554 rogii.
640 1488 717 1533 nam
731 1490 804 1533 cum
818 1469 983 1554 Lysander
996 1489 1087 1556 prae-

1 1537 2 1584 3
125 1553 228 1618 fectus
248 1553 359 1618 classis
380 1553 416 1618 in
436 1553 522 1618 bello
548 1553 651 1617 multa
670 1552 841 1619 crudeliter
861 1576 1020 1640 avareque
1041 1556 1087 1621 ie-

1 1651 2 1671 i
123 1639 219 1702 cisset
240 1637 343 1721 deque
364 1637 404 1702 iis
424 1637 520 1702 rebus
541 1637 810 1720 suspicareturad
829 1639 914 1704 cives
929 1661 1086 1705 successe

1 1711 2 1786 ἷ
121 1721 297 1805 perlatum,
325 1722 421 1805 petiit
451 1743 471 1786 a
494 1720 703 1786 Pharnabazo
730 1725 768 1785 ut
793 1721 834 1785 ad
859 1723 998 1806 ephoros
1025 1724 1087 1788 sibi

1 1829 2 1862 1
121 1806 345 1871 testimonium
358 1804 457 1890 deret,
479 1809 602 1890 quanta
615 1805 783 1870 sanctitate
804 1805 925 1870 bellum
938 1807 1088 1891 gessisset

122 1890 293 1974 sociosque
312 1893 488 1974 traam
513 1889 615 1973 deque
637 1911 675 1953 ea
695 1909 730 1952 re
752 1891 897 1954 accurato
919 1890 1086 1955 scriberet:

1 2021 2 2054 ,
123 1993 280 2072 magnam
302 1974 480 2073 ‚enimeius
501 1974 724 2072 auctoritatem
745 1973 781 2037 in
808 1993 846 2037 ea
871 1993 906 2036 ro
933 1973 1085 2073 futuram.

123 2059 204 2123 hmo
218 2058 273 2122 rlle
287 2058 459 2122 hberahter
472 2058 657 2142 polhcetur:
679 2057 797 2156 hbrum
811 2053 965 2142 grandem
979 2059 1085 2124 verbis
1099 2073 1116 2121 a

122 2142 236 2206 maltis
257 2142 460 2226 conscripsit,
481 2142 517 2206 in
539 2142 655 2225 quibus
675 2161 806 2206 summis
820 2161 894 2206 eum
908 2141 1001 2206 effert
1021 2141 1088 2207 lau·

122 2225 227 2290 dibne.
260 2245 357 2309 quem
377 2247 451 2291 cum
471 2225 603 2311 legisset
623 2225 861 2309 probassetque,
884 2225 960 2291 dum
981 2227 1009 2292 si

122 2314 191 2393 tur,
223 2309 362 2374 alterum
388 2309 459 2394 pari
485 2308 721 2395 magnitudine,
748 2313 840 2374 tanta
866 2309 1001 2374 similitu
1025 2311 1032 2324 ‘
1058 2332 1086 2394 e,

125 2399 161 2459 ut
181 2393 321 2458 discerni
347 2415 416 2459 non
441 2397 565 2492 posset,
592 2394 755 2478 signatum
781 2392 930 2477 subiecit,
959 2393 995 2457 in
1022 2415 1086 2477 quo

123 2478 361 2543 accuratissime
381 2478 451 2544 eius
472 2478 639 2543 averniam
656 2475 889 2560 perfidiamque
914 2481 1086 2542 accusarat

121 2561 303 2647 Lysander,
330 2561 463 2627 domum
487 2581 561 2626 cum
587 2560 734 2644 redisset,
758 2563 933 2658 postquam
960 2561 999 2626 de
1019 2562 1119 2627 suisa

121 2647 219 2712 rebus
246 2646 346 2732 gestis
367 2645 453 2730 apud
478 2645 653 2742 maximnm
680 2647 903 2794 maqpstratnm
953 2665 1012 2711 uae
1033 2668 1088 2712 vo·

121 2731 230 2795 luerat
254 2731 392 2813 dixerat,
426 2729 606 2795 testimoni
640 2729 712 2794 loeo
769 2729 863 2793 brum
896 2750 916 2793 a
973 2731 1088 2794 harne-

121 2816 204 2878 baao
222 2813 333 2879 datum
353 2813 494 2880 tradidit.
538 2813 625 2878 hunc
645 2815 805 2878 summoto
827 2812 992 2897 Lysandro
1015 2833 1088 2878 cum

121 2898 239 2982 ephori
260 2903 462 2984 cognossent,
485 2899 547 2983 ipsi
568 2895 740 2983 legendum
761 2895 926 2962 dederunt
965 2896 1011 2960 ita
1032 2896 1090 2962 ille

120 2983 310 3066 impurdano
331 2983 399 3066 ipse
420 3003 497 3048 suus
518 2981 582 3046 fuit
603 2985 778 3047 accusator.
