2456 3884
134 277 156 342 2
463 291 487 338 1.
522 289 724 340 ammanus.
747 287 771 337 1.

105 441 121 489 s
159 428 310 492 onuntur.
347 428 459 490 contm
480 445 518 522 aa
537 425 690 522 pleraque
711 424 830 489 nostris
852 425 996 496 moribus
1023 430 1103 492 sunt

135 530 363 659 3έὲἷὲοἨ
377 508 864 677 retentaturus
890 530 1102 658 caracae

135 683 192 744 aut
218 678 308 742 cuius
335 698 403 742 non
429 676 691 741 materfamilias
718 676 860 760 primum
880 677 989 741 locum
1010 682 1103 742 tenet

110 763 263 828 taedium
285 765 380 845 atquc
401 761 437 825 in
459 760 642 826 celebritate
664 760 833 824 versatur?
882 761 969 844 quod
995 761 1101 826 multo

135 848 173 911 fit
194 847 287 910 aliter
307 846 343 909 in
365 845 508 911 Graecia.
555 866 631 908 nam
652 865 757 927 neque
784 844 820 908 in
839 845 1025 909 convivium
1046 846 1102 909 ad-

134 930 264 995 hibetur
282 929 347 1006 nisi
364 930 635 1013 propinquorum,
657 949 762 1012 neque
784 928 874 993 sedet
899 929 963 992 nisi
989 929 1024 992 in
1052 930 1102 993 in-

133 1015 252 1079 teriore
273 1017 364 1097 parte
392 1012 533 1105 aedium,
556 1033 637 1096 quae
665 1011 887 1109 gynaeconitis
909 1012 1101 1096 appellatur,

136 1120 199 1183 quo
226 1119 322 1163 nemo
350 1097 473 1162 accedit
492 1097 556 1161 nisi
582 1117 766 1194 propmqua
799 1096 991 1182 cognatione
1024 1117 1102 1161 con-

106 1184 273 1247 eiunctus.
317 1180 372 1245 sed
392 1181 446 1246 hic
466 1181 561 1265 plura
575 1201 725 1264 persequi
745 1200 819 1244 cum
833 1178 1020 1264 magnitudo
1042 1201 1101 1244 uo-

135 1266 266 1330 luminis
297 1266 462 1349 prohibet,
493 1269 566 1348 tam
589 1263 770 1347 festinatio,
804 1267 842 1328 ut
868 1285 906 1329 ea
933 1263 1099 1348 explicem,

136 1371 217 1434 quae
241 1371 371 1414 exorsus
391 1371 471 1413 sum.
519 1370 616 1432 quare
643 1348 684 1412 ad
710 1348 912 1432 propositum
933 1348 1100 1412 veniemus

135 1435 224 1498 etin
244 1433 307 1497 hoc
328 1453 524 1515 exponemus
538 1432 620 1497 libro
643 1431 682 1496 de
704 1433 771 1496 vita
793 1431 1017 1496 excellentium
1038 1433 1098 1496 im·

135 1521 327 1600 paratorum.
652 1547 655 1554 =
902 1549 904 1557 ,

515 1703 716 1712 -———-———-·-

338 1947 341 1954 ,
438 1869 468 1945 Ι.
519 1868 789 1944 MILTIADES.

101 2024 118 2086 1
220 2018 397 2100 Miltiades,
425 2016 569 2083 Cimonis
595 2017 694 2100 filius,
716 2017 938 2102 Atheniensis,
966 2039 1038 2082 cum
1066 2022 1099 2082 et

133 2104 326 2187 antiquitate
341 2102 467 2184 generis
482 2106 515 2166 et
529 2101 634 2186 gloria
646 2103 805 2166 maiorum
820 2104 852 2165 ct
869 2123 927 2164 sua
941 2102 1100 2166 modestia

134 2208 217 2251 unus
240 2185 384 2250 omnium
397 2185 534 2248 maxime
549 2185 678 2250 floreret
699 2206 799 2269 eaque
821 2187 904 2249 esset
924 2189 1039 2269 aetate,
1061 2190 1100 2250 ut

134 2291 202 2334 non
223 2271 288 2333 iam
310 2267 414 2332 solum
436 2266 474 2331 de
496 2288 534 2332 eo
555 2269 637 2333 bene
659 2290 804 2353 sperare,
826 2267 881 2333 sed
903 2269 1000 2334 etiam
1022 2290 1098 2334 con-

134 2353 231 2418 fidere
246 2354 331 2418 cives
344 2353 477 2435 possent
498 2352 557 2435 sui,
577 2353 676 2417 talem
698 2375 771 2418 eum
791 2353 946 2436 futurum,
990 2353 1099 2418 nalem

135 2438 301 2523 cognitum
318 2435 514 2518 iudicarunt,
536 2437 652 2501 accidit
670 2441 708 2502 ut
728 2437 943 2502 Athenienses
964 2375 1099 2502 &horso-

105 2536 249 2586 anesum
271 2520 403 2585 colonos
430 2519 551 2585 vellent
569 2521 706 2585 mittere.
754 2522 843 2586 cuius
875 2522 1002 2606 generis
1024 2543 1098 2586 cum

135 2624 271 2690 magnus
298 2625 451 2668 numerus
473 2607 557 2668 esset
577 2609 610 2669 et
638 2604 734 2668 multi
761 2604 828 2668 eius
855 2604 939 2669 demi
998 2605 1099 2680 tionis

133 2691 281 2775 peterent
302 2688 502 2785 societatem,
528 2709 567 2752 ex
588 2688 628 2752 iis
650 2687 764 2752 delecti
778 2687 924 2773 Delphos
967 2689 1100 2754 elibera-

134 2779 205 2838 tum
219 2772 309 2836 missi
330 2774 421 2855 sunt,
444 2793 500 2855 qur
516 2772 721 2836 consulerent
734 2773 933 2857 Apollinem,
956 2794 1019 2856 quo
1041 2794 1098 2856 po-

134 2859 294 2924 tissimum
316 2855 394 2920 duce
416 2858 591 2921 uterentur.
633 2877 772 2940 namque
793 2861 864 2922 tum
884 2857 1023 2921 Thraces
1045 2877 1099 2920 eas

134 2944 284 3027 regiones
304 2940 472 3024 tenebant,
502 2961 574 3004 cum
600 2940 715 3024 quibus
737 2941 834 3004 armis
856 2945 926 3005 erat
948 2940 1100 3004 dimican-

106 3025 222 3090 udum.
260 3026 311 3089 his
334 3023 573 3090 consulentibus
587 3025 779 3092 nominatim
794 3023 913 3108 Pythia
948 3025 1098 3106 raecepit,

134 3112 173 3174 ut
186 3107 364 3172 Miltiadem
378 3109 603 3193 imperatorem
625 3109 686 3172 sibi
706 3111 882 3173 sumerent:
904 3045 947 3170 id
958 3106 986 3170 si
1007 3106 1100 3171 focis-

104 3196 210 3257 ssent
246 3192 375 3275 incepta
395 3213 548 3277 prospera
568 3192 686 3256 futura.
722 3193 785 3257 hoc
802 3190 922 3257 oraculi
943 3210 1099 3274 responso

135 3242 297 3340 Miltiades
318 3296 392 3338 cum
406 3275 527 3341 delecta
544 3298 643 3341 mann
664 3276 763 3341 classe
777 3276 1100 3372 Chersonesum-pro·

134 3359 240 3425 fectus
262 3381 334 3425 cnm
356 3360 538 3425 accessisset
552 3360 710 3426 Lemnum
733 3364 765 3425 et
786 3359 908 3424 incolas
930 3359 999 3424 eius
1013 3379 1100 3422 insu·

135 3445 185 3510 lae
213 3445 272 3508 sub
293 3445 486 3528 potestatem
500 3443 644 3590 redipem
659 3444 757 3509 vellet
772 3444 1032 3526 Atheniensium,
1054 3441 1100 3506 id·
1129 3469 1136 3486 ·

105 3541 200 3613 eque
214 3527 341 3592 Lemnii
355 3547 413 3592 sua
427 3530 541 3610 sponte
577 3533 705 3594 acerent
724 3529 934 3612 postulasset,
961 3527 1010 3591 illi
1030 3525 1100 3590 irri-
