2456 3884
211 254 254 324 96
466 269 567 317 xxur.
602 269 793 318 asumma.
816 268 855 318 ιι.
879 268 919 318 12.

211 409 278 474 acie
301 408 490 490 constituta,
517 408 704 492 priusquam
731 406 860 493 signum
880 428 1010 494 pugnae
1038 407 1171 492 daretur,

210 493 385 576 Hannibal,
407 497 444 557 ut
463 492 571 576 palam
591 492 712 556 faceret
732 492 808 575 suis,
833 513 897 575 quo
919 492 992 558 loco
1014 491 1171 558 Eumenes

181 583 305 662 resset,
326 577 528 642 tabellarium
550 577 585 640 in
600 576 719 661 scapha
733 596 806 641 cum
820 575 958 641 caduceo
973 575 1089 641 mittit
1125 579 1172 661 qui

212 663 268 727 ubi
295 661 336 725 ad
362 682 461 726 naves
488 659 741 724 adversariorum
769 661 917 744 pervenit
943 661 1186 745 epistolamque·

212 745 383 811 ostendens
410 765 444 810 se
470 764 579 828 regem
607 744 769 828 professus
797 749 846 808 est
872 765 1041 828 quaerere,
1071 746 1172 810 statim

211 830 252 895 ad
279 829 459 894 Eumenem
487 827 640 892 deductus
666 831 729 910 est,
764 827 851 911 quod
877 849 973 892 nemo
1001 828 1172 912 dubitabat,

212 915 291 998 quin
306 912 428 997 aliquid
443 912 481 977 de
495 931 573 996 paee
588 915 672 976 esset
686 911 850 995 scriptum.
886 911 1076 976 tabellarius
1092 912 1173 977 ducis

212 1018 294 1061 nava
320 996 481 1061 declarata
507 996 575 1060 suia
597 995 724 1078 eodem,
752 995 838 1059 unde
865 998 934 1059 erat
955 1015 1119 1080 egressus,
1145 1019 1172 1061 se

182 1080 343 1164 ereoepit
386 1084 421 1144 at
433 1079 595 1144 Eumenes
610 1079 715 1144 soluta
730 1079 866 1161 epistola
887 1078 971 1142 nihil
992 1079 1030 1142 in
1050 1101 1091 1144 ea
1110 1101 1172 1164 rep·

134 1179 141 1192 ·
212 1165 311 1248 perit,
346 1164 411 1228 nisi
444 1185 526 1247 quae
559 1162 600 1227 ad
633 1160 831 1227 irridendum
863 1183 937 1226 eum
968 1163 1171 1246 pertinerent

213 1249 303 1313 cuius
325 1249 385 1312 etsi
407 1269 534 1312 causam
549 1247 724 1311 mirabatur
737 1267 843 1329 neque
857 1247 1047 1331 reperiebat,
1070 1249 1174 1312 tamen

183 1333 372 1417 eproelium
394 1333 502 1396 statim
528 1331 726 1395 committere
752 1351 821 1394 non
850 1329 1018 1396 dubitavit.
1062 1331 1175 1396 horum

214 1418 249 1481 in
271 1437 428 1482 concursu
450 1415 596 1499 Bithynii
616 1413 810 1478 Hannibalis
837 1417 1007 1511 praecepto
1036 1416 1176 1481 universi

215 1521 331 1563 navem
352 1498 507 1563 Eumenis
529 1499 726 1562 adoriuntur.
770 1518 908 1590 quorum
934 1519 1001 1562 urm
1028 1503 1088 1563 rex
1108 1520 1177 1564 cum

214 1585 370 1646 sustinere
391 1602 460 1647 non
480 1585 598 1664 posset,
619 1583 698 1666 fuga
712 1582 848 1646 salutem
869 1582 966 1664 petit:
989 1604 1089 1666 quam
1106 1605 1176 1649 con·

214 1670 341 1731 secutus
367 1686 436 1730 non
462 1668 560 1748 esset,
586 1665 650 1729 nisi
670 1666 757 1729 intra
778 1687 836 1730 sua
857 1665 1017 1749 praesidia
1039 1688 1075 1731 se
1097 1689 1178 1732 rece

185 1751 429 1898 opissetbquae
450 1750 486 1814 in
506 1749 653 1834 proximo
673 1749 768 1813 litore
790 1753 883 1813 erant
903 1749 1072 1847 collocata.
1109 1753 1178 1816 reli-
1207 1775 1208 1832 ᾗ

216 1857 298 1918 quae
346 1855 536 1920 ergamenae
563 1853 661 1898 naves
683 1853 754 1896 oum
776 1832 975 1898 adversanos
1019 1837 1208 1914 remerentl

215 1920 334 2000 acrius,
359 1922 491 2001 repente
513 1920 547 1981 in
569 1938 622 1981 eas
643 1937 720 1980 vasa
740 1916 861 1999 fictilia,
884 1915 922 1981 de
944 1855 1061 2000 quiius
1084 1941 1182 2002 supra

215 2003 413 2067 mentionem
438 2001 582 2082 fecimus,
604 2000 720 2065 ooniici
741 2005 855 2083 coepta
872 2005 957 2064 sunt.
991 2023 1074 2084 quae
1097 2002 1183 2070 iactu

89 2087 90 2092 ’
214 2086 310 2150 initio
338 2086 437 2150 risum
464 2085 684 2170 pugnantibus
706 2085 923 2167 concitarunt,
951 2105 1058 2169 neque
1081 2109 1183 2172 quare

186 2169 251 2232 oid
277 2170 368 2232 fieret
393 2173 521 2250 poterat
541 2167 695 2250 intellegi.
746 2172 917 2251 postquam
943 2174 1053 2233 autem
1079 2193 1184 2238 naves

215 2271 288 2314 suas
310 2249 463 2332 oppletae
476 2253 710 2332 conspexerunt
724 2251 933 2334 serpentibus
954 2273 1041 2316 nova
1059 2275 1096 2318 re
1110 2278 1186 2339 per·
1208 2297 1209 2316 t

216 2334 329 2418 territi,
351 2355 433 2415 cum,
455 2333 533 2417 quid
554 2334 756 2417 potissimum
770 2336 918 2418 vitarent,
940 2357 1009 2400 non
1023 2337 1186 2424 viderent,

216 2440 340 2568 quppes
361 2421 527 2483 verterunt
548 2439 643 2503 aeque
665 2417 705 2482 ad
727 2440 785 2482 sua
804 2423 908 2484 castra
928 2422 1058 2484 nautica
1077 2427 1187 2488 rettu-

190 2518 201 2566 1
230 2509 332 2591 erunt.
375 2504 421 2568 sic
448 2502 613 2569 Hannibal
634 2502 768 2568 consilio
796 2524 884 2567 arma
905 2501 1186 2588 Pergamenorum

216 2588 392 2670 superavit,
419 2607 524 2670 neque
550 2592 619 2651 tum
640 2585 760 2668 solum,
782 2585 837 2650 sed
859 2607 951 2670 saepe
978 2587 1054 2650 alias
1080 2587 1186 2670 pede·

216 2671 334 2734 stribus
356 2670 457 2752 copiis
478 2670 549 2753 pari
570 2669 740 2753 prudentia
761 2670 887 2752 pepulit
906 2669 1113 2735 adversarius.

169 2754 208 2820 12
302 2751 389 2827 Quae
412 2751 545 2816 durnin
567 2753 646 2816 Asia
659 2756 825 2836 geruntur,
848 2753 961 2818 accidit
982 2775 1060 2818 casu
1080 2759 1121 2819 ut
1138 2756 1189 2821 le·

216 2839 285 2924 goti
306 2836 438 2903 Prusiae
460 2835 582 2901 Romae
609 2834 694 2920 apud
715 2835 752 2900 Τ.
776 2834 944 2910 Quintium
961 2835 1190 2906 Flamininum

216 2923 417 2989 consularem
444 2923 609 3002 cenarent,
637 2923 732 3003 atque
754 2920 801 2984 ibi
823 2919 861 2984 de
883 2920 1069 2986 Hannibale
1096 2944 1189 2988 men·

216 3009 306 3073 tione
326 3007 413 3072 facta
433 3026 472 3070 ex
493 3007 532 3070 iis
554 3025 638 3069 unua
653 3003 771 3068 diceret
792 3025 865 3069 eum
882 3006 917 3069 in
932 3005 1067 3070 Prusiae
1082 3027 1188 3092 regno

187 3104 296 3156 aesse.
351 3090 385 3155 id
415 3095 544 3173 postero
577 3087 629 3152 die
661 3086 862 3152 Flamininus
896 3089 1024 3154 senatui
1058 3090 1188 3156 detulit

216 3179 324 3259 patres
346 3174 533 3258 conscripti,
561 3173 617 3256 qui
638 3170 820 3236 Hannibale
847 3172 922 3237 vivo
948 3194 1129 3256 numquam
1154 3197 1188 3240 se

217 3259 287 3324 aine
307 3257 433 3322 insidiis
453 3259 579 3323 futuros
602 3255 835 3338 existimarent,
862 3255 989 3341 legatos
1010 3257 1046 3319 in
1068 3257 1187 3342 Bithy·

216 3345 305 3408 niam
326 3341 496 3421 miserunt,
518 3343 554 3405 in
574 3341 615 3404 iis
634 3339 868 3422 Flamininum,
890 3341 947 3423 qui
968 3341 1011 3403 ah
1030 3360 1109 3425 rege
1158 3365 1188 3407 e·

83 3457 87 3464 ·
216 3428 336 3500 terent,
365 3442 406 3485 ne
427 3422 682 3487 inimicissimum
704 3444 798 3486 suum
819 3443 927 3488 secum
951 3422 1136 3489 haberetsi
1165 3428 1188 3490 i·

187 3521 281 3590 aque
303 3504 440 3571 dederet.
476 3502 526 3565 his
541 3504 654 3567 Prusia
668 3526 787 3588 negare
810 3527 906 3574 ausus
927 3526 997 3570 non
1017 3511 1081 3573 est:
1103 3508 1188 3574 illud
