2456 3884
374 273 447 323 xvc
487 273 691 326 euuoernss.
715 275 737 326 1.
753 275 777 325 a.
817 330 821 336 ,
1012 266 1054 330 63

307 591 310 594 ,
363 513 458 588 XVI.
511 513 781 593 PELOPIDAS.

172 659 346 745 Pelopidas
358 661 537 746 Thebanus,
555 685 588 727 m
633 665 655 677 ”’
674 665 834 730 historicis
847 687 944 750 quam
954 667 1052 754 vulgo
1070 671 1085 733 l

87 747 195 808 notus.
240 747 331 811 ouius
354 746 392 810 de
413 747 584 811 viantibus
628 748 717 813 ubito
739 769 835 832 quem
860 752 1053 816 admodum

88 849 265 912 exponam,
294 831 381 914 quod
407 849 533 914 vereor,
568 831 595 894 si
627 851 677 896 res
706 853 723 896 e
792 854 863 898 care
891 835 1052 919 incipiam,

88 933 129 975 ne
157 933 225 977 non
253 913 356 978 vitam
382 915 450 978 eius
478 935 639 998 enarrare,
667 832 916 992 sedxblilstoriam
944 919 1054 984 videar

88 997 242 1060 scribere:
265 999 294 1061 si
307 999 531 1063 tantummodo
545 1019 683 1064 summas
698 1001 845 1086 attigero,
864 1023 905 1066 ne
920 1003 1052 1068 rudibus

88 1079 285 1144 Graecarum
306 1081 485 1145 litterarum
505 1083 611 1146 minus
625 1082 761 1148 dilucide
776 1090 937 1183 appareat,
953 1107 1051 1169 quan·

87 1167 141 1227 tus
173 1165 273 1228 fuerit
297 1165 353 1228 ille
388 1167 447 1229 vir.
497 1166 605 1248 itaque
638 1168 766 1250 utrique
798 1190 844 1232 rer
878 1190 1051 1244 occurram,

87 1251 248 1329 quantum
279 1253 430 1332 potuero,
465 1253 498 1313 et
524 1249 675 1314 medebor
708 1271 780 1316 cum
814 1254 953 1317 satietati
982 1260 1050 1318 tum

87 1332 292 1415 ignorantiae
313 1333 479 1398 lectorum.

171 1414 353 1480 Phoebidas
367 1416 646 1502 Lacedaemonius,
668 1439 741 1483 oum
763 1421 935 1485 exercitum
951 1420 1079 1505 Olyna
1182 1461 1185 1466 .

87 1499 182 1562 thum
199 1498 329 1564 duceret
349 1501 473 1584 iterque
494 1522 553 1585 per
573 1501 698 1567 Thebas
717 1501 845 1586 faceret,
867 1526 972 1570 arcem
995 1527 1050 1589 op·

89 1581 173 1666 pici,
186 1603 282 1667 ,quae
310 1582 448 1649 Cadmea
478 1586 678 1666 nominatur,
711 1589 880 1671 occupavit
910 1590 1049 1674 impulsu

87 1687 264 1812 fancorum
279 1666 515 1751 Thebanorum,
538 1670 594 1752 qui
608 1669 806 1736 adversariae
828 1673 961 1738 factioni
984 1694 1048 1756 quo

3 1783 4 1790 κ
102 1750 215 1815 acilius
236 1751 430 1835 resisterent,
452 1751 616 1818 Laconum
634 1755 729 1818 rebus
750 1755 929 1838 studebant,
951 1757 1047 1838 idque

3 1877 4 1902 ³
85 1837 447 1985 tutatast?
449 1837 660 1985 351133„f,³,ssff
673 1838 1077 1987 steteritis?

85 2003 1049 2170 tetstbtffittttttabernulae?

86 2172 170 2266 bant
192 2191 246 2248 eos
268 2109 404 2235 obsibri
416 2191 522 2254 ¹quam
536 2109 675 2236 liberari
711 2194 787 2237 nam
801 2177 876 2256 post
889 2173 1048 2271 Pelopon·

85 2268 213 2318 nesrum
238 2253 357 2318 bellum
383 2254 592 2339 Athenasque
620 2257 759 2321 demutas
786 2278 860 2322 oum
886 2256 1047 2323 Thebanis

86 2337 150 2402 sibi
170 2357 240 2402 rem
262 2358 329 2403 esse
351 2339 576 2404 existimabant
590 2345 622 2404 et
637 2361 692 2404 eos
709 2361 776 2405 esse
798 2341 893 2422 solos,
916 2343 973 2423 qui
994 2343 1046 2404 ad·

3 2463 4 2496 r
85 2441 197 2486 versus
229 2423 374 2487 resistere
405 2422 567 2488 auderent.
620 2423 680 2487 hac
708 2427 814 2487 mente
841 2423 952 2486 amicis
979 2425 1076 2488 suist

85 2523 226 2570 summas
239 2509 414 2589 potestates
426 2505 578 2571 dederant
592 2506 784 2589 alteriusque
798 2505 949 2570 factionis
959 2507 1046 2589 prin·

85 2589 173 2672 cipes
206 2591 325 2673 partim
350 2590 592 2674 interfecerant,
620 2591 700 2654 alios
727 2591 763 2654 in
791 2589 921 2653 exilium
949 2591 1046 2655 eiece-

3 2679 5 2736 ξ
85 2676 174 2737 rant:
196 2673 362 2756 inquibus
378 2673 548 2758 Pelopidas
568 2674 630 2756 hio,
652 2673 691 2737 de
706 2694 770 2757 quo
790 2673 927 2738 scribere
942 2675 1045 2740 exorsi

86 2777 197 2821 sumus
233 2757 344 2840 pulsus
364 2759 470 2904 fatris
491 2758 627 2823 carebat.

169 2806 216 2904 Hi
238 2860 348 2905 omnes
379 2861 431 2906 cre
446 2844 591 2906 Athenas
605 2862 639 2905 se
655 2843 866 2923 contulerant,
888 2861 956 2905 non
977 2839 1079 2922 quo2

84 2924 439 3073 {effraenata
448 2925 1043 3093 sternutamenta?

49 3089 51 3092 ’
84 3093 194 3174 itaque
215 3111 289 3156 cum
315 3058 441 3176 tempus
463 3097 546 3157 esset
571 3093 675 3156 visum
701 3092 748 3155 rei
769 3090 936 3175 gerendae,
958 3105 1074 3156 com-2

84 3176 226 3238 munitor
247 3195 320 3239 cum
340 3175 397 3256 iis,
420 3176 476 3258 qui
496 3175 614 3241 Thebis
635 3174 719 3238 idem
742 3175 936 3259 sentiebant,
959 3175 1042 3240 diem

86 3258 275 3344 delegerunt
304 3257 344 3322 ad
375 3259 522 3323 inimicos
559 3257 785 3342 opprimendos
818 3258 1042 3342 civitatemque

85 3341 283 3406 liberandam
304 3363 386 3424 eum,
410 3363 475 3425 quo
488 3342 618 3406 maximi
633 3342 836 3426 magistratus
851 3342 945 3406 simul
967 3363 1042 3407 oon-

85 3430 214 3489 sucrant
241 3425 373 3508 epulari.
416 3445 551 3510 magnae
572 3446 666 3508 saepe
686 3445 737 3489 res
758 3426 893 3490 nonita
913 3426 1072 3508 magnise

86 3509 183 3591 copiis
210 3513 288 3573 sunt
314 3512 439 3594 gestae,
466 3509 520 3592 sed
549 3509 693 3594 profecto
715 3529 889 3592 numquam
911 3515 978 3571 tam
998 3508 1039 3571 ab

1222 3495 1224 3572 l
