2456 3884
389 245 439 292 xi.
466 245 683 298 remuneras.
707 245 732 296 1.
753 246 779 298 a.
1023 237 1066 304 43

92 379 192 441 uatus
220 380 279 442 est
325 376 410 442 diem
437 379 519 444 obiit
545 381 672 446 circiter
701 403 804 448 annos
853 384 1066 470 uinquaginta

91 465 210 542 natus,
231 464 385 543 quartum
404 467 481 545 post
501 485 638 549 murm,
659 487 756 548 quam
777 486 817 532 ex
866 468 1064 553 elopouneso
1153 525 1157 534 .

92 545 132 608 in
154 541 300 610 Siciliam
321 545 470 613 redierat.
1032 581 1036 595 ·

480 753 686 762 ψ...-

376 899 438 973 m.
491 899 823 1020 remeamus..

180 1045 361 1129 Iphicrates
375 1046 595 1145 Atheniensis.
605 1069 674 1146 uon
692 1053 759 1148 tum
773 1051 995 1150 maguitudiue
1015 1073 1064 1118 re·
1081 1056 1098 1118 l

193 1134 367 1280 err
387 1131 1064 1298 autem

94 1318 172 1362 cum
195 1319 306 1381 prrmrs
328 1302 576 1382 compararetur,
598 1298 654 1363 sed
672 1321 714 1364 ue
729 1299 768 1364 de
790 1301 964 1366 maioribus
985 1307 1064 1368 natu

93 1381 228 1463 quidem
255 1383 425 1467 quisquam
452 1386 710 1466 anteponeretur.
759 1385 897 1450 multum
924 1407 1000 1452 vero
1027 1388 1092 1451 ina

93 1465 183 1530 bello
205 1468 256 1530 est
282 1471 442 1549 versatim,
475 1488 569 1550 saepe
597 1468 787 1534 exercitibus
807 1469 962 1553 praefuit,
989 1491 1064 1534 uus-

95 1570 196 1632 quam
215 1549 313 1632 culpa
333 1549 417 1616 male
443 1570 512 1614 rem
538 1550 652 1636 gessit,
678 1573 803 1636 semper
824 1554 959 1619 consilio
986 1554 1065 1620 vicit

95 1636 289 1716 tantumque
311 1653 350 1699 eo
372 1634 484 1717 valuit,
505 1637 544 1699 ut
563 1635 666 1700 multa
686 1637 719 1700 in
742 1657 777 1700 re
798 1637 930 1702 militari
943 1639 1063 1721 partim

1 1779 2 1782 ,
93 1717 360 1799 novaattulerit,
382 1718 501 1801 partim
522 1719 657 1784 meliora
677 1719 798 1784 fecerit.
841 1742 980 1804 namque
1006 1721 1061 1784 ille

1 1803 2 1880 j
93 1799 256 1883 pedestria
270 1822 361 1865 arma
373 1802 519 1867 mutavit.
557 1823 630 1868 cum
644 1806 719 1867 aute
729 1803 822 1868 illum
836 1803 881 1868 im
905 1807 1062 1869 oratorem
1075 1817 1091 1864 3

94 1885 245 1949 maximis
266 1885 387 1969 clipeis,
408 1885 558 1951 brevibus
579 1886 690 1970 hastis,
711 1886 843 1952 minutis
858 1826 972 1971 gildis
994 1891 1093 1952 ute-4

93 1972 225 2051 rentur,
253 1968 308 2034 ille
335 1989 353 2033 e
380 1970 541 2036 contrario
587 1970 684 2034 eltam
704 1991 764 2053 pro
791 1991 903 2053 parma
924 1971 1002 2035 fecit
1028 1971 1063 2056 (a

1 2095 2 2098 =
93 2073 161 2135 quo
189 2055 304 2135 postea
328 2053 482 2136 peltastae
508 2075 549 2137 pe
574 2053 631 2118 'tes
660 2054 934 2139 appellabantur),
963 2057 1000 2118 ut
1021 2054 1062 2118 ad

92 2138 206 2232 motus
229 2156 464 2234 concursusque
492 2142 598 2235 esseut
618 2136 771 2236 leviores,
797 2137 908 2202 hastae
929 2137 1062 2235 modum

1 2297 2 2308 χ
93 2219 282 2303 duphcavut,
304 2220 429 2305 gladios
450 2221 613 2306 longiores
627 2220 713 2286 fecit
756 2220 841 2286 idem
862 2241 964 2306 genus
986 2221 1062 2287 lorr-

1 2313 2 2344 ⁴
93 2323 206 2368 carum
227 2307 261 2368 et
281 2326 341 2387 pro
363 2305 457 2370 sertis
478 2308 575 2389 atque
597 2305 686 2370 ainis
707 2305 822 2372 linteas
848 2304 944 2370 dedit
996 2327 1060 2389 quo

92 2387 181 2452 facto
204 2388 418 2472 expeditiores
439 2389 557 2454 milites
579 2387 731 2453 reddidit:
753 2409 829 2452 uam
844 2387 986 2471 pondere
1008 2388 1061 2450 de·

93 2475 215 2568 tracto,
249 2470 339 2555 quod
371 2493 471 2556 aeque
504 2493 619 2556 corpus
646 2475 771 2556 tegeret
802 2474 836 2535 et
862 2471 932 2535 lere
967 2474 1060 2554 esset,

28 2615 36 2634 ⁶
92 2560 310 2704 curavlddllum
331 2661 404 2706 cum
425 2638 603 2704 Thracibus
623 2639 731 2723 gessit,
753 2636 905 2704 Seuthem
937 2637 1097 2703 sociumt
1137 2665 1142 2673 ·

92 2722 361 2807 Atheniensium,
399 2723 433 2786 iu
466 2743 603 2808 regnum
635 2722 785 2788 restituit.
835 2687 921 2805 apud
948 2720 1060 2787 Corin-

91 2807 188 2870 thum
214 2809 308 2870 tarta
335 2806 503 2871 severitate
531 2805 684 2870 exercitui
710 2804 864 2890 praeibit,
893 2807 930 2870 ut
950 2803 1058 2868 nullae

92 2911 249 2972 umquam
270 2889 307 2952 in
329 2889 462 2954 Graecia
483 2911 587 2973 neque
609 2889 845 2954 exercitatiores
873 2888 983 2970 copiae
1003 2907 1058 2950 ue-

177 2971 721 3122 fflmtssmreas*
747 2971 898 3119 tam
924 2983 1087 3120 aar

91 3077 287 3223 iddpseldatore
311 3144 395 3206 esset
408 3107 528 3224 datum:
550 3105 619 3204 sin'e
641 3078 849 3235 ducispopera
868 3072 1059 3235 piinordina

90 3225 144 3320 tae
159 3224 388 3321 cousisterent,
410 3226 448 3289 ut
468 3224 588 3308 singuli
610 3245 629 3288 a
650 3223 844 3320 peritissmo
865 3227 1057 3370 mfieratore

91 3306 241 3390 dispositi
263 3307 457 3372 uderentur.
505 3307 568 3373 hoc
594 3311 735 3372 exercitu
756 3327 879 3371 moram
929 3307 1087 3372 scedas-³

88 3391 276 3488 modiorum
298 3391 474 3489 interfecit,
502 3390 589 3538 (piuod
609 3392 747 3464 maxime
771 3394 841 3456 tota
862 3391 1056 3488 celebratum

89 3477 139 3540 est
154 3474 300 3540 Graecia.
339 3479 456 3540 iterum
471 3495 509 3540 eo
532 3496 582 3539 em
596 3475 682 3540 bello
698 3495 808 3540 omnes
822 3495 931 3558 copiae
945 3494 1055 3539 eorum
