2456 3884
343 275 444 324 xx111.
473 277 663 325 sarriana.
684 273 759 323 Η
992 263 1031 325 91

65 412 213 497 postulo,
236 409 373 486 dederis„
413 412 508 475 simul
529 432 580 475 me
601 411 642 476 ad
664 433 751 478 eram
773 411 919 496 adduxit,
948 413 1034 494 apud

66 518 166 578 quam
188 496 364 560 sacrificare
386 495 583 573 instituerat,
611 516 744 579 eamque
766 497 879 560 oeteris
901 497 1033 559 remotis

66 583 233 645 tenentem
254 580 360 646 iurare
374 579 477 661 iussit,
499 600 676 662 numquam
690 601 741 644 ms
755 580 791 644 in
806 579 947 645 amicitia
960 601 1033 644 oum

67 664 223 728 Romanis
245 662 325 728 fore.
368 662 402 727 id
422 683 483 747 ego
505 663 724 728 iusiurandum
744 665 829 747 patri
851 666 961 729 datum
982 676 1062 727 uss

68 747 193 830 quoad
218 747 304 812 hano
328 750 465 811 aetatem
490 747 536 810 ita
557 748 754 829 oonservavi‚
776 752 813 812 ut
833 749 956 812 nemini
978 747 1034 812 du·

68 832 160 896 bium
181 851 249 895 esse
264 829 387 914 debeat,
409 831 488 913 quin
502 831 626 915 reliquo
641 835 786 916 tempore
801 831 910 896 eadem
925 837 1033 897 mente

7 925 8 952 ³
68 916 131 979 sim
151 915 288 980 futurus.
324 935 423 998 quare
445 915 571 999 siquid
593 916 693 981 amioe
715 916 753 981 de
771 915 925 982 Romanis
947 916 1062 1001 cogi-e

68 999 170 1081 tabis,
195 1019 264 1063 non
284 998 503 1082 imprudenter
524 997 652 1083 feceris,
681 1001 708 1065 si
732 1021 783 1064 me
805 1000 932 1065 oelaris:
961 1021 1034 1066 eum

7 1121 8 1160 3
70 1082 201 1166 quidem
227 1082 348 1178 bellum
376 1083 520 1180 parabis,
555 1087 588 1149 te
622 1085 728 1182 ipsum
754 1084 972 1166 turbaberis,
1005 1087 1033 1148 si

7 1195 9 1248 ς
68 1188 137 1232 ιιοιι
158 1188 210 1230 me
231 1188 267 1230 ιιι
289 1187 327 1230 eo
349 1187 453 1250 prmm
477 1188 528 1230 ern
550 1175 718 1251 posuens'.

7 1245 16 1322 :¹
155 1251 225 1314 Hae
245 1250 346 1334 igitur
368 1272 432 1334 qua
448 1189 585 1315 diximus
600 1255 704 1316 aetate
719 1273 792 1316 eum
813 1255 902 1336 patre
923 1253 958 1315 in
977 1250 1068 1314 Hi·3

70 1335 219 1418 spaniam
231 1334 395 1417 proiectus
411 1338 472 1399 est:
495 1335 586 1399 ouius
600 1340 674 1419 post
686 1337 819 1419 obitum,
834 1335 1034 1400 Hasdrubale

7 1413 9 1494 l
71 1422 262 1503 imperatore
295 1417 444 1500 suffecto,
477 1418 634 1502 equitatui
660 1421 748 1484 omni
779 1419 928 1504 praefuit.
972 1418 1034 1482 hoo

7 1495 9 1566 Ξ
71 1523 199 1651 puppup
213 1502 733 1653 miiffi⁰ir⁰t1f¹ir⁰iiu⁵iimfflm
754 1504 881 1653 Ἢριίὶ
899 1503 939 1569 ad
961 1524 1034 1567 eum

92 1608 108 1650 s
160 1609 194 1651 1.
244 1608 256 1651 1
335 1607 354 1648 a
461 1607 536 1650 nem
585 1609 635 1652 ea
759 1611 780 1652 u
815 1609 862 1653 roe
890 1609 1033 1652 oomro·

70 1673 181 1736 batim
209 1675 266 1735 est.
310 1670 355 1733 sio
376 1607 540 1734 Hlailnibal
566 1672 673 1737 minor
693 1610 835 1755 quinque
862 1676 895 1736 et
915 1609 1063 1756 uginus

72 1756 164 1820 aunis
177 1764 274 1819 natus
289 1755 463 1837 imperator
483 1755 588 1819 laetius
602 1756 749 1838 proximo
767 1756 907 1819 triennio
923 1775 1034 1818 omnes

71 1844 183 1926 gentes
197 1838 374 1922 Hispaniae
394 1839 480 1903 bello
503 1839 644 1924 subegit:
677 1837 870 1922 Saguntum,
892 1837 1035 1902 foedera·

71 1930 138 1988 tam
153 1924 327 2022 civitatem,
349 1922 382 1986 vi
397 1923 606 2019 erpugnavitp
625 1927 690 1987 tres
705 1923 866 2020 exereitus·
876 1922 1033 2019 maximos

70 2006 452 2185 depellentes„
469 2029 571 2154 let}
586 2027 631 2154 l?
640 2006 798 2174 silleti
811 2006 1063 2173 fellet&

71 2177 154 2240 tium
182 2176 217 2238 iu
243 2174 370 2240 Italiam
403 2194 508 2238 seeum
541 2173 640 2239 duxit.
691 2175 807 2239 saltum
834 2173 1034 2258 Pyrenaeum

71 2260 208 2324 transiit.
242 2279 442 2342 quaoumque
463 2260 525 2322 iter
545 2257 631 2341 feeit,
654 2279 727 2323 oum
748 2258 898 2323 omnibus
918 2258 1033 2322 ineolis

72 2344 230 2408 conflixit:
258 2343 420 2407 neminem
446 2342 510 2406 nisi
536 2342 656 2406 vietum
688 2343 817 2406 dimisit.
866 2343 908 2405 ad
933 2342 1064 2423 Alpes4

73 2432 281 2511 posteaquam
302 2426 400 2509 venit,
422 2445 504 2508 quae
517 2424 645 2490 Italiam
667 2427 708 2489 ab
723 2426 829 2489 Gellia
850 2425 1033 2508 seiungunt,

92 2533 150 2576 uas
167 2531 264 2575 nemo
286 2531 439 2593 umquam
460 2531 533 2573 eum
555 2509 696 2574 exercitu
718 2513 792 2572 ante
814 2525 887 2572 eum
931 2513 1035 2572 raeter

73 2534 244 2660 bereulem
259 2593 392 2658 Graium
413 2593 586 2658 transierat
606 2593 684 2678 (quo
708 2594 792 2657 laeto
815 2593 843 2656 is
857 2530 953 2657 hodie
975 2593 1034 2656 sal-

74 2683 121 2742 tus
145 2678 264 2742 Graius
293 2677 501 2762 appellatur),
529 2677 662 2761 Alpicos
689 2681 842 2742 conantes
863 2676 1033 2774 prohibere

74 2764 210 2826 transitu
224 2760 373 2844 ooneidit,
387 2760 460 2826 loea
473 2761 634 2845 patefecit,
657 2761 774 2826 itinera
788 2762 913 2844 mumit,
930 2760 1035 2825 effeoit

75 2850 108 2910 ut
130 2868 168 2911 ea
191 2844 380 2928 elephantus
396 2851 527 2909 ornatus
548 2845 595 2909 ire
616 2851 734 2929 posset,
757 2867 820 2928 qua
842 2849 936 2908 antea
952 2865 1033 2907 unus

75 2929 169 2994 horno
196 2929 329 2993 inermis
357 2929 410 2992 vix
432 2931 558 3011 poterat
584 2950 704 3012 repere.
753 2928 813 2992 hae
834 2927 943 3010 copies
969 2931 1033 2990 tra-

76 3012 163 3077 duxit
184 3013 219 3078 in
242 3011 431 3097 Italiamque
476 3013 608 3076 ervenit

156 3096 353 3166 Conflixerat
383 3033 474 3179 apud
495 3094 687 3160 Rhodanum
719 3116 792 3159 oum
818 3095 855 3158 P.
883 3092 1069 3159 comesos
1140 3087 1146 3098 ⁹

77 3177 222 3263 Scipione
246 3181 375 3245 consule
398 3200 533 3263 eumque
548 3179 723 3263 pepulerat.
759 3199 833 3243 eum
846 3177 909 3243 hoo
922 3178 1033 3244 eodem

77 3263 218 3329 Clastidii
239 3265 325 3347 apud
349 3263 472 3328 Padum
493 3264 636 3328 decernit
663 3263 868 3346 saueiumque
894 3263 969 3326 inde
996 3284 1033 3326 ao

77 3348 109 3410 fu
149 3355 219 3413 tum
241 3347 385 3412 dimittit.
428 3348 523 3412 tertio
552 3347 635 3411 idem
663 3345 770 3430 Scipio
804 3367 876 3411 oum
909 3347 1061 3441 collegas

77 3429 113 3494 ui
133 3433 200 3497 erio
230 3431 347 3517 Longo
374 3431 459 3514 apud
485 3431 634 3495 Trebiam
662 3430 812 3496 adversus
840 3453 912 3495 eum
934 3432 1031 3492 vemt.

78 3534 145 3580 oum
165 3517 205 3582 iis
220 3533 352 3581 manum
366 3516 541 3580 conseruit:
565 3519 716 3598 utrosque
730 3515 923 3598 profligavit.
958 3511 1032 3576 inde
