2456 3884
163 219 204 284 58
419 232 477 280 xv.
514 232 777 282 nrrmuounss.
799 229 824 278 s.
845 229 869 279 4.

163 369 249 434 nihil
263 371 391 453 praeter
404 367 541 452 gloriam
556 368 685 451 ceperit
722 367 945 432 amicorumin
959 388 993 431 se
1008 367 1136 432 tuendo
1211 426 1212 431 ,

164 453 271 518 caruit
297 452 518 534 facultatibus,
546 451 607 515 fids
629 451 670 516 ad
696 451 776 516 alios
798 450 1014 516 sublevandos
1035 472 1135 535 saepe

164 539 210 602 sic
231 559 307 601 usus
328 540 390 619 est,
414 539 450 599 ut
471 535 605 600 iudicari
625 535 728 618 possit
742 536 852 600 omnia
873 536 902 599 ei
923 556 998 600 cum
1020 537 1135 600 amieis

135 623 265 687 afuisse
285 620 478 685 communia.
520 640 597 684 nam
617 642 691 684 cum
704 624 762 684 aut
781 619 899 684 civium
919 641 1055 685 suorum
1078 621 1135 684 ali-

164 706 237 788 quis
250 706 292 769 ab
306 705 453 770 hostibus
468 708 551 768 esset
564 708 685 788 captus,
708 707 765 768 aut
778 704 871 789 virgo
888 705 983 768 amici
997 705 1135 788 nubilis,

164 809 247 872 quae
260 793 393 872 propter
408 791 631 872 paupertatem
651 788 803 854 collocari
824 808 892 853 non
911 792 1031 871 posset,
1054 790 1136 852 anri·

165 895 277 937 corum
297 873 469 938 consilium
489 872 630 937 habebat
643 877 685 954 et,
707 876 864 955 quantum
879 873 1015 954 quisque
1031 871 1134 956 daret,

135 971 152 1020 o
169 978 228 1040 pro
254 957 463 1021 facultatibus
485 957 672 1040 imperabat.
725 977 860 1038 eamque
881 977 1041 1022 summam
1058 979 1134 1022 cum

165 1040 356 1122 confecerat,
377 1041 565 1123 priusquam
579 1040 737 1122 acciperet
750 1040 930 1123 pecuniam,
952 1039 1135 1106 adducebat

166 1147 255 1206 eum,
277 1125 333 1209 qui
355 1125 542 1208 quaerebat,
564 1124 606 1188 ad
626 1145 696 1206 eos,
718 1123 775 1207 qui
795 1123 1015 1207 conferebant,
1037 1125 1133 1208 eique

165 1214 204 1274 ut
229 1209 293 1292 ipsi
318 1211 540 1290 numerarent,
567 1207 721 1290 faciebat,
749 1209 787 1272 ut
811 1207 882 1291 ille,
910 1207 952 1271 ad
974 1229 1070 1292 quem
1090 1230 1133 1274 aa

130 1291 895 1442 41⁰⁸ppmffissbwtssffldtqufflffiwffiue
914 1290 1054 1440 gebere‘ti.
1098 1381 1113 1440 t

166 1397 340 1555 aruit:
362 1397 512 1554 „attat
525 1397 695 1544 suar
712 1395 909 1524 tatiani
938 1397 1028 1544 tt?
1041 1397 1133 1544 ita?

165 1543 1134 1712 crunnus“insufficientis

166 1646 442 1776 adddscentulum
470 1710 612 1793 quinque
641 1710 771 1808 taleptis
801 1711 842 1776 ad
868 1733 958 1776 suam
980 1714 1134 1795 perduxit

166 1796 376 1893 voluntatem,
399 1815 494 1878 quem
515 1797 585 1859 tum
602 1793 842 1892 Epamrnondas
862 1796 1039 1894 plurimum
1060 1797 1132 1862 dili·

136 1878 755 2030 ,uiztrdsutuiauutu
775 1883 1132 2032 {strettun
1226 1947 1227 1950 ‘

166 2069 274 2113 coram
297 2048 402 2112 ‘nihil’
419 2049 454 2112 in
476 2048 526 2111 uit
540 2053 633 2130 ‘opus
654 2047 791 2130 pecunia
817 2053 878 2112 est:
913 2070 989 2114 nam
1020 2051 1048 2115 si
1073 2072 1133 2116 rex
1225 2059 1227 2106 ἶ

167 2152 205 2195 aa
231 2132 317 2214 vult,
350 2133 432 2214 quae
487 2131 621 2194 hebenis
648 2135 725 2195 sunt
753 2132 859 2214 utilia,
891 2134 991 2218 gratis
1022 2134 1133 2200 facere
1226 2131 1227 2194 5

166 2235 237 2278 sum
258 2217 404 2297 paratus,
432 2214 482 2278 sin
510 2216 617 2278 autem
645 2215 820 2300 contraria,
847 2237 915 2280 non
940 2218 1035 2283 habet
1055 2222 1134 2284 auri
1226 2257 1227 2260 =

166 2301 262 2382 atque
284 2297 411 2384 argenti
432 2297 518 2362 satis.
554 2318 693 2381 namque
715 2301 802 2364 orbis
822 2305 981 2366 terrarum
1001 2303 1132 2370 divitias

135 2383 310 2467 succipere
332 2381 408 2447 nolo
430 2387 507 2466 p'rae
528 2383 651 2465 patriae
666 2384 807 2450 caritate
843 2389 880 2449 tu
902 2387 988 2469 quod
1008 2409 1060 2452 me
1081 2388 1132 2452 in-

166 2468 333 2551 cognitum
364 2467 497 2532 tentasti
523 2467 635 2550 tuique
661 2468 798 2534 similem
830 2470 1033 2554 existimasti,
1061 2493 1136 2538 non

165 2551 266 2614 miror
279 2552 402 2634 tibique
420 2553 569 2636 ignosco,
592 2551 647 2616 sed
662 2552 811 2637 egredere
825 2575 971 2638 propere,
992 2576 1034 2619 ne
1049 2556 1134 2622 alios

166 2653 366 2716 corrumpas,
393 2655 465 2698 cum
487 2655 537 2698 me
565 2657 633 2700 non
653 2638 805 2720 potueris.
844 2641 876 2701 et
896 2641 948 2720 tu,
976 2637 1134 2725 Micythe,

166 2720 336 2802 argentum
362 2717 437 2781 huic
463 2716 574 2800 redde,
602 2725 672 2802 aut,
699 2721 763 2784 nisi
789 2719 822 2784 id
847 2723 1018 2786 confestim
1040 2725 1135 2808 facis,

137 2813 228 2888 tego
255 2806 287 2867 te
313 2799 437 2866 tradam
463 2803 687 2898 magistratui!
735 2805 822 2870 hunc
847 2804 1031 2872 Diomedon
1057 2830 1136 2874 curn

166 2891 304 2972 rogaret,
327 2889 364 2951 ut
384 2889 455 2950 tuto
479 2890 580 2950 exiret
594 2908 723 2972 suaque,
741 2911 822 2972 quac
836 2891 997 2974 attulerat,
1019 2893 1137 2958 liceret
1226 2961 1227 2964 ,

166 2972 287 3054 efferre,
300 2970 396 3037 ‘istud
411 2969 551 3054 quidem'
567 2970 673 3054 inquit
684 2971 820 3058 ‘faciam
835 2995 940 3058 neque
953 2981 1011 3040 tua
1024 2997 1135 3060 causa,

167 3055 223 3117 sed
236 3076 317 3138 mea,
338 3077 389 3140 ne,
410 3057 438 3120 si
451 3055 513 3120 tibi
529 3055 572 3119 sit
585 3056 721 3138 pecunia
734 3057 891 3142 adempta,
914 3059 1030 3143 aliquis
1046 3060 1139 3126 dicat

166 3136 200 3200 id
227 3138 267 3201 ad
293 3160 345 3203 me
372 3143 517 3224 ereptum
543 3139 740 3223 pervenisse,
769 3142 856 3224 quod
883 3143 1023 3208 delatum
1050 3148 1138 3210 aeci·
1225 3157 1227 3160 ’

136 3232 243 3305 opere
264 3221 460 3289 noluissem)
503 3245 523 3288 a
544 3244 607 3306 quo
630 3245 703 3288 cum
725 3227 913 3310 quaesisset,
935 3249 1001 3310 quo
1022 3249 1057 3294 se
1079 3230 1138 3295 de-

167 3305 241 3370 duci
263 3304 374 3389 vellet,
402 3311 434 3370 et
455 3307 510 3371 ille
532 3307 678 3372 Athenas
700 3309 840 3395 dixisset,
862 3311 1058 3395 praesidium
1079 3314 1139 3378 de·
1226 3377 1227 3380 ,

167 3390 223 3470 dit,
246 3393 284 3451 ut
301 3391 373 3450 tuto
395 3391 585 3469 perveniret.
628 3413 733 3476 neque
755 3414 832 3460 vero
854 3396 887 3458 id
907 3397 984 3460 satis
1006 3397 1138 3482 habuit,
1225 3403 1227 3406 ’

166 3473 223 3534 sed
250 3471 363 3552 etiam,
390 3475 427 3533 ut
453 3471 627 3538 inviolatus
648 3477 684 3539 in
711 3498 827 3542 navem
848 3479 1045 3565 escenderet,
1074 3504 1140 3565 per
1225 3481 1227 3554 ζ
