2456 3884
198 262 242 329 62
443 279 502 327 xv.
539 275 799 327 cammoneas.
819 273 845 324 a.
868 272 909 323 ao.

199 415 269 478 eius
300 414 422 499 patriae
457 414 551 478 sitam
580 413 738 497 putabant
765 413 915 494 salutem,
951 411 1098 476 universi
1130 412 1162 476 in

199 519 301 563 unum
330 500 484 581 impetum
510 497 657 562 fecerunt
682 516 787 580 neque
814 494 903 578 prius
930 496 1162 576 abscesserunt,

221 603 296 646 uam
310 601 429 665 magua
442 581 537 664 caede
552 581 725 664 multisque
740 579 851 644 occisis
865 578 1042 643 fortissime
1057 579 1163 662 ipsum

199 603 459 748 ilpaminondam
479 668 688 750 pugnantem,
709 683 804 747 sparo
826 664 951 727 eminus
964 683 1162 760 percussum,

169 748 366 812 aconcidere
387 749 545 813 viderunt
581 748 677 812 huius
697 767 773 812 casu
794 747 996 829 aliquantum
1011 747 1162 812 retardati

200 837 277 896 sunt
296 831 421 914 Boeoti,
443 852 548 916 neque
568 838 677 896 tamen
698 831 788 914 prius
808 849 920 916 pugna
947 836 1160 913 excesserunt,

169 928 298 999 equam
327 937 405 1000 repu
453 921 545 980 antes
570 915 794 1012 profligarunt
843 918 878 978 at
908 912 1161 998 Epaminondas,

198 1019 271 1064 cum
293 1001 380 1063 anim
423 1004 561 1064 verteret
582 999 783 1064 mortiferum
807 1018 841 1062 se
863 998 982 1062 vulnus
1002 1000 1162 1082 accepisse

197 1083 368 1166 simulque,
389 1084 418 1147 si
438 1083 575 1165 ferrum,
602 1082 690 1166 qnod
710 1104 749 1146 ex
770 1080 880 1146 hastili
901 1083 937 1146 in
958 1102 1094 1166 corpore
1114 1104 1161 1146 re·

198 1173 375 1250 manserat,
414 1168 617 1250 extraxisset,
653 1167 793 1230 animam
821 1167 933 1257 statiua,
960 1165 1161 1248 emissurum,

169 1272 372 1400 attat?
394 1249 1160 1418 iiffittsstuti⁰ttdttunfddftitia'333⁰-

344 1385 351 1400 .
783 1383 792 1415 ,
1152 1383 1159 1398 .

198 1419 340 1482 invictus
361 1419 447 1483 enim
461 1419 606 1483 morior!
640 1422 710 1483 tum
729 1419 817 1482 ferro
832 1421 973 1482 ernasto
986 1416 1160 1482 confestim

198 1502 398 1565 exanimatus
420 1506 477 1566 est.

151 1587 189 1650 ¹0
281 1583 344 1647 Hic
371 1605 503 1648 uxorem
526 1606 704 1668 numquam
729 1586 828 1652 duxit.
872 1587 993 1670 inquo
1018 1607 1159 1652 cumre

197 1666 449 1752 prehenderetur
481 1667 581 1755 [quod
600 1669 719 1734 liberos
739 1691 809 1736 non
828 1669 1034 1756 relinqueret]
1060 1693 1081 1734 a
1101 1670 1159 1734 Pe

198 1751 321 1836 lopida,
351 1752 407 1835 qui
434 1751 536 1818 filium
557 1754 697 1817 habebat
716 1753 887 1835 infamem,
912 1755 1060 1836 maleque
1087 1775 1159 1818 eum

197 1838 233 1901 in
255 1857 293 1901 ao
316 1836 440 1920 patriae
461 1837 628 1902 consulere
650 1837 778 1920 diceret,
802 1837 898 1901 ‘vide’
921 1837 1029 1919 inquit
1050 1842 1102 1901 ‘ne
1122 1843 1158 1901 tu

197 1921 289 2003 peius
317 1921 480 2004 consulas,
513 1921 569 2003 qui
595 1920 693 1985 talem
722 1941 761 1985 ex
786 1924 820 1984 te
846 1925 960 1985 natum
991 1920 1157 1986 relicturus
1225 1919 1226 1950 ³

168 2004 251 2068 asia.
294 2024 400 2088 neque
421 2024 498 2068 vero
519 2005 616 2088 stirps
636 2007 743 2088 potest
766 2005 848 2068 mihi
870 2004 994 2068 deesse:
1020 2025 1158 2088 namque
1225 2045 1226 2068 2

198 2108 238 2150 ex
252 2108 303 2150 me
317 2090 427 2152 natam
442 2089 590 2170 relinquo
604 2109 748 2172 pugnam
761 2088 970 2170 Leuctricam,
993 2109 1074 2172 quae
1090 2109 1159 2154 non

197 2169 292 2233 modo
314 2171 395 2232 mihi
417 2176 592 2253 superstes,
621 2172 677 2234 sed
703 2173 801 2236 etiam
827 2172 1015 2242 immortalis
1039 2173 1083 2236 sit
1103 2193 1159 2238 ne·
1225 2195 1226 2198 ¹

167 2265 284 2314 ncesse
306 2256 377 2314 est'
421 2272 485 2334 quo
507 2257 652 2336 tempore
674 2253 753 2319 duce
773 2255 930 2339 Pelopida
950 2257 1055 2321 exules
1074 2254 1160 2322 The·

197 2337 253 2400 bas
276 2339 475 2418 occuparunt
501 2340 534 2402 et
582 2337 753 2403 meridiam
774 2339 1101 2406 Lacedaemoniorum
1122 2363 1159 2406 er

196 2440 268 2486 arce
301 2419 494 2504 expulerunt
572 2423 798 2505 paminondas,
826 2424 978 2507 quamdiu
1006 2425 1093 2490 facta
1113 2431 1161 2489 est

197 2503 308 2568 caedes
330 2505 464 2588 civium,
493 2470 589 2571 domo
611 2528 644 2570 ae
666 2507 787 2590 tenuit,
820 2508 906 2590 quod
932 2528 1037 2591 neque
1059 2508 1162 2572 malos

197 2587 368 2652 defendere
389 2589 520 2653 volebat
540 2610 645 2673 neque
666 2591 865 2675 impugnare,
889 2612 932 2655 ne
953 2613 1067 2656 manus
1089 2612 1160 2656 suo·

196 2689 269 2732 rum
295 2671 452 2754 sanguine
481 2676 676 2738 cruentaret:
709 2695 848 2758 namque
876 2695 1005 2740 omnem
1033 2674 1161 2740 civilem

198 2752 364 2818 victoriam
384 2753 547 2822 funestam
595 2759 716 2823 utabet.
760 2757 859 2840 idem,
881 2765 1052 2842 postquam
1074 2758 1162 2843 apud

196 2837 368 2904 Cadmeam
395 2859 468 2902 cum
489 2839 572 2905 Lace
631 2842 747 2906 moniis
768 2842 908 2927 pugnari
929 2846 1079 2927 coeptum
1101 2847 1162 2926 est,

195 2923 230 2986 in
249 2922 363 3006 primia
384 2922 483 2987 stetit.

166 3018 183 3064 4
280 3005 385 3072 Huius
406 3007 446 3072 de
460 3009 631 3074 virtutibus
653 3011 783 3093 vitaque
804 3013 965 3084 sanserit
979 3011 1111 3092 dictum,
1132 3013 1162 3075 si
1224 3065 1225 3068 ,

194 3087 258 3151 hoc
279 3110 381 3156 unum
402 3091 592 3176 adiunxero,
636 3093 700 3158 uod
721 3114 816 3159 nemo
838 3095 899 3159 ibit
920 3095 1054 3176 inficias,
1076 3095 1163 3158 The-
1225 3139 1226 3144 η

194 3171 253 3266 tas
283 3176 316 3267 et
343 3178 417 3240 ante
439 3114 697 3260 Epaminondam
723 3182 836 3242 natum
866 3183 995 3262 etpost
1016 3178 1161 3244 eiusdem
1224 3181 1226 3206 *

194 3256 366 3326 intentum,
390 3265 546 3342 perpetuo
572 3261 678 3326 alieno
705 3262 849 3344 paruisse
871 3262 1022 3346 imperio,
1044 3266 1162 3328 contra
1225 3279 1226 3282 ’

193 3340 507 3489 coarctor
521 3344 1162 3513 crisitotarbirtretur
1224 3343 1226 3440 ³

109 3538 111 3543 ·
194 3507 314 3572 minem
336 3507 437 3590 pluris
459 3529 555 3590 quam
576 3512 738 3602 civitatem
760 3511 870 3579 fuisse.
