2456 3884
149 221 193 286 46
449 233 511 280 xn.
548 229 729 280 cennens.
751 227 777 276 a.
799 226 825 276 a

150 389 258 435 comes
279 368 323 434 sit
343 372 376 432 et
396 368 535 432 libenter
555 366 594 431 de
615 366 656 430 iis
671 363 851 446 detrahant,
873 385 953 446 quos
976 364 1120 428 eminere

151 454 282 520 videant
302 453 412 534 allius,
434 471 539 530 neque
560 449 669 515 animo
689 469 792 532 aequo
807 469 963 531 pauperes
977 448 1121 512 ahenam

153 535 378 622 [opulentium]
401 536 587 600 intueantur
607 531 781 598 forbrnam.
817 532 925 614 itaque
951 529 1121 614 Chabrias,
1208 536 1209 539 ’

120 632 225 686 lcum
246 620 276 684 ei
295 620 412 684 licebat
432 616 622 700 'plurimum
648 617 768 682 aberat.
803 637 908 699 neque
930 635 1006 679 vero
1029 615 1122 680 solus

150 705 206 770 ille
233 704 344 767 aberat
369 667 508 764 Athenis
534 701 688 783 libenter,
715 699 772 765 sed
798 720 909 764 omnes
935 699 1003 764 fere
1030 699 1123 781 prin·

151 788 238 871 cipes
269 785 416 850 fecerunt
447 783 547 867 idem,
579 785 666 868 quod
695 788 823 850 tentum
858 803 892 846 se
927 783 968 846 ab
994 782 1122 846 Invidia

149 871 308 956 putebant
345 868 506 952 afuturos,
538 872 695 1017 (gramm
727 890 747 932 e
779 869 953 950 conspeetu
984 887 1120 932 suorum

150 953 348 1019 recesserint.
405 953 416 1016 i
574 972 662 1017 onon
692 952 867 1034 plurimum
894 949 992 1034 Cypri
1025 951 1119 1034 rixIt,

149 1038 327 1136 Iphicrates
362 955 582 1134 &mih
621 1035 809 1100 Timotheus
841 1034 962 1116 Lesbo,
996 1033 1119 1131 Chares

151 1121 264 1206 Sigeo,
294 1120 457 1186 dissrmrhs
479 1118 608 1203 quidem
630 1117 750 1186 Chares
771 1119 888 1182 horum
909 1122 942 1182 et
966 1117 1062 1182 factus
1085 1122 1121 1182 et

150 1207 303 1288 moribus,
325 1204 381 1270 sed
401 1208 511 1268 tamen
532 1203 671 1268 Athenis
693 1205 726 1266 et
738 1201 916 1266 honoratus
938 1205 970 1266 et
989 1205 1118 1285 potens.

115 1290 137 1352 4
236 1288 391 1354 Chabrias
418 1291 526 1352 autem
552 1287 650 1371 periit
679 1285 765 1349 bello
792 1285 904 1350 sociali
929 1285 986 1348 tali
1005 1285 1119 1350 modo.

151 1374 385 1522 &pugnabant
419 1370 634 1435 Athenienses
663 1369 788 1436 Ohium.
845 1371 914 1432 erat
947 1369 980 1432 in
1010 1369 1118 1433 alasse

220 1456 307 1520 brias
320 1456 475 1549 privatus,
486 1454 541 1518 sed
556 1475 676 1536 omnes,
688 1453 743 1536 qui
757 1453 793 1516 in
807 1451 996 1548 magistratu
1009 1456 1117 1534 erant,

151 1538 341 1602 auctoritate
356 1537 509 1618 anteibat,
532 1557 669 1620 eumque
690 1537 792 1621 magis
806 1536 925 1600 mihtes
941 1557 1038 1619 quam
1059 1536 1120 1618 qui

120 1623 322 1704 apraeerant
347 1619 554 1767 aspiciebant
598 1620 1012 1769 §aagetregrgffimlaltfflit
1032 1641 1119 1768 relag-

150 1711 359 1887 heaIIoreIhacffre
380 1725 694 1873 icillreirhhmciirissere
715 1727 845 1869 Iiavem,
873 1781 941 1870 ipse
963 1723 1119 1871 siguper-

150 1874 246 1938 nicici
272 1873 350 1938 furt:
382 1893 456 1937 eum
483 1873 569 1936 enim
598 1893 636 1937 eo
657 1875 870 1956 penetrasset,
898 1873 1023 1936 ceterae
1050 1893 1119 1936 non
1226 1879 1227 1928 ἒ

151 1959 227 2024 sunt
241 1960 376 2022 secutae.
406 1978 470 2039 quo
484 1956 571 2021 facto
582 1955 790 2020 circumfusus
801 1955 944 2031 hostium
958 1975 1117 2020 concursu
1225 2013 1227 2044 ,

150 2062 224 2106 eum
237 2039 411 2104 fortissime
425 2043 595 2123 pugnaret,
617 2041 708 2103 1111111
722 2044 827 2106 rostro
844 2059 996 2122 pereussa
1010 2040 1120 2123 coepit
1225 2049 1227 2122 l

121 2124 263 2188 reidere.
314 2123 391 2186 hinc
423 2122 475 2186 ref
517 2143 571 2186 ere
597 2142 669 2185 eum
697 2127 821 2217 posset,
848 2123 877 2186 si
905 2143 939 2186 se
965 2123 1002 2188 in
1026 2145 1118 2186 mare
1226 2129 1227 2150 ³

85 2255 86 2258 ,
152 2204 332 2287 deiecisset,
359 2205 446 2286 quod
466 2227 504 2269 su
527 2207 597 2268 erat
617 2205 726 2269 classrs
746 2207 1010 2290 Atheniensium,
1033 2228 1119 2290 quae

152 2290 312 2372 exciperet
325 2291 484 2372 natantes,
505 2288 611 2371 perire
624 2289 738 2354 maluit
752 2312 849 2374 quam
870 2291 969 2356 armis
982 2291 1118 2355 abiectis

150 2394 266 2438 navem
293 2371 490 2457 relinquere,
521 2372 556 2436 in
578 2394 643 2456 que
669 2373 777 2438 fuerat
796 2379 915 2440 vectus.
962 2374 995 2438 id
1017 2376 1120 2440 ceteri

150 2456 256 2522 facere
276 2456 466 2539 noluerunt,
494 2457 550 2539 qui
575 2456 684 2523 nando
706 2458 742 2521 in
762 2461 868 2522 tutum
889 2464 1118 2542 pervenerunt

150 2543 185 2603 at
204 2540 270 2621 ille,
290 2543 452 2621 praestare
473 2539 643 2606 honestam
663 2545 801 2608 mortem
821 2542 1005 2608 existimans
1026 2543 1118 2626 turpi

150 2623 246 2704 vitae,
261 2624 439 2686 comminus
453 2643 602 2708 pugnans
612 2627 687 2690 telis
702 2626 845 2692 hostium
853 2625 1040 2694 interiectas
1056 2631 1115 2692 est.
1225 2709 1227 2716 Ι

412 2971 509 3051 IIIII.
563 2977 846 3054 TIMOTHEUS.

116 3122 129 3184 1
235 3119 438 3209 Timotheus,
461 3124 605 3191 Cononis
626 3127 727 3208 filius,
759 3127 976 3194 Atheniensis.
1019 3128 1073 3194 hic
1097 3151 1119 3194 a

151 3209 241 3290 petre
263 3213 426 3291 acceptam
447 3211 585 3294 gloriam
606 3211 715 3275 multis
733 3212 823 3276 auxit
843 3213 1030 3278 virtutibus:
1052 3213 1121 3278 fuit
1225 3203 1227 3230 ἶ

151 3291 237 3356 enim
252 3288 398 3374 disertus,
421 3294 568 3378 impiger,
590 3294 778 3377 laboriosus,
800 3296 848 3360 rei
864 3297 1012 3363 militaris
1033 3297 1120 3380 peri-

121 3378 203 3438 atus
234 3393 339 3455 neque
369 3373 476 3437 minus
508 3377 647 3442 civitatis
673 3377 842 3462 regendae.
892 3380 995 3444 multa
1019 3379 1120 3444 huius
1226 3399 1227 3402 ’

151 3459 226 3520 sunt
256 3457 419 3556 praeclare
455 3455 553 3538 facte,
593 3460 648 3523 sed
663 3461 759 3526 'haec
795 3463 932 3528 maximo
967 3463 1119 3529 illustria.
1225 3469 1227 3548 ξ
