2456 3884
451 197 486 246 x.
531 197 626 246 oron.
648 193 724 244 c—e.
1025 186 1070 254 39

102 333 199 416 plura
225 335 303 396 sunt
330 351 368 395 ex
392 331 489 413 osita,
517 331 574 415 qui
600 330 638 396 de
659 332 820 398 historicis
843 333 973 400 Graecis
995 356 1070 402 oon·

99 417 243 512 scriptus
270 418 328 480 eet.
368 352 466 512 l³lato
488 419 595 512 autem
623 419 749 481 tentum
771 416 856 501 apud
877 417 1101 516 Dionysium

101 503 296 566 auctoritate
324 501 432 581 potuit
458 499 622 584 valmtqne
652 500 850 584 eloquentia,
878 505 915 565 ut
944 523 975 566 er
1000 524 1071 586 per·

102 583 242 648 suaserit
267 581 448 666 tyrannidis
475 582 580 648 faeere
605 584 705 648 finem
730 585 974 669 libertatemque
1001 586 1070 651 red·

103 667 181 731 dere
206 665 429 750 Syracusanis:
457 689 476 730 e
498 689 562 750 qua
588 667 754 734 voluntate
778 668 908 734 Philisti
934 671 1069 737 consilio

103 751 277 814 deterritus
299 750 465 832 aliquanto
489 751 648 816 crudelior
670 773 737 816 esse
760 753 875 836 coepit.

191 833 255 910 Qui
273 833 402 917 quidem
416 855 489 898 cunr
511 857 530 898 e
544 834 650 900 Dione
672 857 705 900 se
727 837 871 919 superari
884 835 1006 902 videret
1019 838 1067 901 in-
1082 838 1109 906 4

104 919 219 1002 genio,
235 917 449 1066 3320me
471 940 579 984 amore
601 920 722 1016 populi,
745 921 980 1068 l⁰re¹3⁸d¹¹⁰’,⁸i
995 943 1070 1019 eum

105 1023 232 1168 tttt,
258 1023 382 1150 stt
402 1087 432 1150 01
450 1023 767 1184 mmm,
786 1026 850 1171 {tt
876 1025 1082 1154 tutet

104 1169 326 1252 deveheretur,
348 1169 520 1234 ostendens
542 1191 575 1234 se
596 1169 630 1234 rd
651 1175 817 1253 utnusque
838 1171 942 1235 facere
964 1193 1068 1255 eausa,

8 1295 11 1300 -
106 1274 164 1335 ne,
189 1273 262 1316 cum
282 1253 365 1317 inter
392 1274 426 1316 se
452 1253 616 1338 timerent,
644 1254 796 1318 alteruter
822 1253 958 1318 alterum
977 1277 1068 1338 prae-

7 1415 8 1418 ,
104 1341 286 1419 occuparet.
330 1336 364 1400 id
385 1357 458 1401 cum
478 1337 600 1402 fectum
621 1337 715 1403 multi
736 1337 981 1422 indignarentur
1001 1350 1099 1403 mar

7 1437 9 1442 ‘
105 1441 253 1504 pesque
282 1424 366 1485 esset
393 1421 533 1486 invidiae
560 1425 713 1504 tyranno,
727 1419 916 1505 -Dionysius
950 1423 1059 1487 omnia

106 1525 190 1586 quae
211 1504 334 1601 moveri
354 1508 505 1588 poterant
525 1503 655 1587 Dionis,
677 1505 713 1570 in
732 1527 831 1571 neves
853 1505 1007 1589 imposuit
1028 1472 1069 1570 ed
1107 1527 1110 1534 ·

7 1625 8 1664 ;
105 1609 252 1685 eumque·
269 1589 391 1685 misit..
418 1588 464 1685 sic
491 1589 578 1652 enim
605 1589 780 1687 existimari
807 1588 950 1687 volebat,
979 1591 1013 1655 id
1033 1611 1068 1656 se

7 1727 8 1800 i
70 1721 73 1732 .
102 1671 444 1838 pgpwgdssprpoffi
449 1671 1097 1839 ’audiiitsbaulrrslmulseldpooldiicsdadidit

104 1860 185 1904 num
200 1860 387 1922 comparare
402 1839 526 1937 sibique
539 1840 660 1904 bellum
674 1840 779 1904 fecere
794 1840 913 1923 conari,
936 1843 1067 1924 Areten,
1085 1864 1101 1906 ο

7 1949 9 1974 1
103 1922 224 1988 Dionis
240 1923 459 2006 uxorem,ah1
476 1928 613 2006 nuptum
636 1922 724 1988 dedit
743 1923 908 2006 filiumque
933 1924 1000 1988 eius
1022 1923 1068 1989 sio
1175 1969 1181 1983 .

102 2008 239 2071 educari
259 2007 357 2090 iussit,
383 2011 421 2071 ut
440 2006 637 2092 indulgendo
658 2007 851 2091 turpissimis
872 2007 1068 2072 imbueretur

101 2091 343 2173 cupiditatibus.
392 2113 468 2156 nam
489 2112 588 2175 puero
616 2092 705 2175 prius
727 2112 823 2174 quam
851 2091 952 2174 pubes
974 2095 1099 2176 esset,4

103 2177 212 2254 scorta
233 2174 479 2258 adducebantur,
501 2175 578 2240 vino
600 2176 766 2258 epulisque
788 2175 991 2259 obruebatur,
1012 2197 1067 2240 ne·

103 2279 169 2341 qne
189 2259 292 2324 ullum
304 2263 440 2341 tempus
454 2258 561 2323 sobrio
578 2259 827 2342 relinquebatur.
870 2259 898 2322 ie
913 2281 1013 2342 usque
1028 2280 1065 2325 eo
1080 2271 1097 2322 o

104 2342 190 2406 vites
218 2346 337 2407 statum
364 2346 595 2407 commutatum
621 2342 705 2406 ferre
731 2363 799 2406 non
825 2343 947 2425 potnit,
980 2347 1068 2424 post

104 2445 203 2508 quam
224 2427 260 2490 in
280 2427 418 2510 patriam
435 2425 530 2490 rediit
542 2430 634 2509 puter
655 2425 807 2571 (nemgue
822 2425 961 2507 appositi
976 2429 1069 2490 erant

105 2509 263 2593 custodes,
286 2511 342 2594 qui
357 2531 430 2576 eum
451 2510 620 2593 apristino
636 2509 723 2574 victu
758 2506 952 2593 educerent),
975 2511 1012 2572 ut
1029 2529 1067 2574 se

104 2592 143 2656 de
172 2594 335 2677 superiore
385 2598 451 2658 erte
484 2593 611 2658 aedium
636 2592 786 2657 deiecerit
813 2595 908 2676 atque
942 2592 988 2656 ita
1019 2592 1068 2658 in·

104 2677 237 2741 terierit.
261 2677 316 2742 sed
340 2678 347 2691 '
374 2699 414 2742 uc
434 2681 588 2743 revertor.

188 2759 253 2825 Pos
291 2783 366 2826 uam
392 2761 584 2827 Corinthum
610 2760 758 2844 pervenit
777 2760 866 2826 Dion
894 2763 928 2824 et
955 2759 1107 2824 eodemb

102 2844 250 2929 perfugit
295 2846 447 2910 eraclides
468 2845 509 2910 ab
531 2843 642 2909 eodem
657 2844 806 2929 expulsus
820 2843 987 2925 Dionysio,
1011 2842 1067 2925 qui

101 2928 285 3010 praefectus
306 2929 414 2994 fuerat
427 2930 580 3014 equitum,
603 2929 691 2993 omni
706 2929 831 2992 ratione
846 2926 967 2991 bellum
981 2946 1065 2990 com·

101 3033 217 3093 parare
232 3018 415 3096 coeperunt.
449 3013 504 3078 sed
517 3031 585 3088 non
598 3012 736 3077 multum
746 3010 966 3094 proficiebant,
978 3011 1066 3095 quod
1080 3023 1097 3072 a

101 3095 280 3161 multorum
301 3119 461 3162 annorum
481 3096 628 3180 tyrannis
644 3115 834 3179 magnarum
855 3115 954 3178 opum
974 3105 1065 3178 puta·

102 3179 214 3244 batur:
268 3203 344 3246 uem
370 3183 412 3246 ob
439 3191 567 3246 oausam
594 3179 689 3263 pauci
716 3178 757 3243 ad
777 3179 962 3245 societatem
982 3181 1065 3263 peri·

100 3262 167 3326 culi
189 3201 455 3349 perducebantur.
499 3264 554 3328 red
575 3261 677 3346 Dion,
698 3262 800 3328 fretus
821 3284 889 3329 non
909 3267 976 3328 tam
998 3264 1095 3328 suist

100 3347 205 3430 copiis
221 3369 329 3446 'quem
361 3348 436 3414 odio
463 3347 608 3432 tyranni,
637 3347 776 3412 maximo
805 3348 913 3412 animo
942 3346 1064 3410 duabus
1136 3370 1138 3374 ¹

101 3433 258 3497 onerariis
279 3433 416 3498 navibus
443 3431 679 3516 quinquaginta
700 3452 858 3497 annorum
884 3429 1064 3514 imperium,

454 3540 462 3566 Ι
