2456 3884
435 213 459 260 1.
488 213 689 264 ammons.
710 209 736 262 s.
757 210 783 261 s.
999 187 1006 200 ⁶
1058 201 1078 264 7

109 351 203 415 rebus
238 347 448 413 discessisset.
497 369 535 413 eo
556 351 700 433 tempore
727 353 917 436 aeger-erat
942 350 1080 432 vulneri·
1207 378 1209 382 ⁴

109 436 177 516 bus,
202 453 286 516 quae
314 434 351 496 in
374 431 591 517 oppugnando
615 433 733 517 oppido
756 437 927 517 acceperat.
970 435 1079 517 itaque

110 540 183 582 eum
213 517 284 614 ipse
316 537 380 664 dm
413 537 447 580 se
479 516 583 581 dicere
614 539 682 582 non
715 521 839 601 posset,
876 519 974 583 verba
1002 518 1081 584 fecit

110 601 208 666 frater
230 621 300 664 erus
341 603 375 664 te
435 619 515 665 oras.
552 621 647 665 causa
668 603 797 683 cognita
818 602 931 685 capitis
952 601 1110 666 absolu-o

108 690 160 750 tus
192 683 335 768 pecunia
368 706 402 748 m
438 687 523 748 tatus
556 689 619 768 est,
648 707 748 769 eaque
776 685 816 749 lis
843 685 1080 771 quinquaginta

110 769 241 834 talentis
263 769 437 833 aestimata
468 771 531 848 est,
555 773 694 852 quantus
715 769 751 833 in
772 770 905 834 classem
933 773 1096 854 sumptus.

110 855 216 918 iactus
244 856 323 918 erat.
375 851 460 916 hane
487 852 656 948 pecuniam
665 852 764 937 xquod
785 854 908 918 solvere
935 855 971 918 in
991 875 1080 938 prae·

7 943 9 1018 g
111 937 217 1002 sentia
237 958 308 1002 non
329 938 467 1020 poterat,
489 957 525 999 m
546 937 675 1002 vincula
695 937 825 1021 publica
846 938 1009 1003 coniectus
1031 941 1082 1003 est

7 1099 8 1106 ἵ
110 1021 222 1105 ibique
244 1019 331 1084 diem
353 1019 437 1084 obiit
458 1041 649 1103 supremum.

7 1113 8 1122 ’
196 1103 261 1169 Hic
284 1104 345 1168 etsi
367 1103 500 1168 crimine
514 1103 610 1169 Pario
633 1110 683 1170 est
696 1109 994 1189 accusatus,.tomen
1015 1105 1118 1172 alia8

7 1203 8 1218 ¹
110 1210 210 1254 causa
223 1188 289 1252 fuit
303 1187 528 1254 damnationis.
561 1210 699 1272 namque
713 1189 927 1271 Athenienses
948 1192 1081 1273 propter

110 1273 279 1337 Pisistrati
298 1271 510 1356 tyrannidem,
534 1293 615 1355 quae
629 1273 738 1355 paucis
753 1274 846 1337 annis
867 1277 942 1338 ante
963 1272 1080 1354 fuerat,

111 1357 261 1420 omnium
298 1355 417 1420 cisium
446 1377 578 1420 suorum
610 1357 788 1440 potentiam
819 1356 1079 1421 extimescebant.

110 1439 286 1522 Miltiades,
306 1439 445 1504 multum
467 1440 503 1504 in
523 1440 666 1523 imperiis
687 1441 988 1524 magistratibusque
1006 1453 1109 1503 uer-a

7 1541 9 1594 ῑ
47 1555 52 1564 ·
111 1528 219 1608 satus,
242 1545 310 1588 non
331 1523 501 1588 videbatur
520 1545 614 1607 posse
629 1545 696 1588 esse
718 1523 871 1607 privatus,
892 1523 1082 1608 praesertim
1193 1577 1197 1582 ,

110 1630 186 1672 cum
209 1608 443 1672 consuetudine
465 1607 506 1672 ad
523 1607 650 1690 imperii
666 1607 873 1704 cupiditatem
892 1608 979 1673 trahi
995 1606 1081 1672 vide·

7 1685 9 1748 l
110 1696 211 1757 retur.
261 1713 339 1756 nam
361 1689 553 1757 Chersonesi
575 1712 685 1756 omnes
711 1692 785 1756 lllos
813 1712 893 1776 quos
917 1692 1111 1758 habitarata

110 1797 217 1841 annos
249 1779 440 1859 perpetuam
473 1775 657 1840 obtinuerat
689 1774 941 1840 dominationem
972 1779 1081 1857 tyran-

7 1909 9 1950 3
110 1881 240 1942 nusque
262 1859 370 1924 fuerat
385 1881 425 1942 ap
450 1859 572 1942 allatus,
595 1859 651 1924 sed
664 1859 776 1924 iustus.
815 1880 883 1928 nou
904 1862 973 1922 erat
994 1856 1081 1921 enim

111 1945 146 2008 vi
160 1947 364 2025 consecutus,
387 1964 402 2006 s
456 1963 588 2008 suorum
602 1942 778 2025 voluntate,
794 1963 927 2026 eamque
965 1943 1081 2006 otesta-

7 2043 9 2098 ὲ
110 2031 180 2092 tem
206 2027 355 2092 bonitate
378 2027 548 2094 retinebat.
598 2048 710 2091 omnes
737 2030 844 2091 autem
871 2029 904 2089 et
955 2026 1108 2094 'cuntur

7 2111 9 2198 ξ
112 2117 146 2176 et
167 2112 331 2179 habentur
353 2111 494 2195 tyranni,
518 2111 573 2194 qui
593 2115 752 2195 potestate
773 2113 850 2175 sunt
870 2131 910 2194 pe
950 2112 1024 2173 etua
1044 2106 1081 2172 in

7 2213 9 2222 ·
111 2217 152 2260 ea
173 2196 305 2261 civitate
311 2245 321 2278 ,
344 2216 427 2278 quaa
450 2194 598 2260 libertate
625 2217 684 2260 usa
709 2197 766 2260 est.
809 2193 920 2258 sedin
973 2190 1112 2256 'uades

111 2283 184 2344 erat
207 2301 281 2344 oum
303 2301 429 2344 summa
449 2279 642 2362 humanitas,
662 2283 732 2342 tum
753 2277 835 2342 mira
858 2276 1081 2358 communitas,

7 2397 9 2432 ι
111 2369 152 2428 ut
173 2385 272 2428 nemo
294 2367 363 2428 tam
384 2361 517 2428 humilis
539 2367 636 2446 esset,
659 2363 712 2428 cui
731 2383 799 2426 non
820 2360 860 2425 ad
882 2383 954 2426 eum
976 2360 1081 2423 aditus

7 2443 9 2502 ῗ
110 2451 257 2532 pateret3
280 2467 399 2532 magna
422 2447 595 2512 auotoritas
611 2445 696 2528 apud
715 2465 826 2509 omnes
847 2444 1001 2526 ciuitates,
1023 2462 1080 2506 uo·

110 2533 179 2596 bile
208 2551 346 2614 nomen,
368 2531 439 2595 laus
460 2531 507 2594 rei
528 2529 676 2595 militaris
697 2527 843 2600 maxima.
866 2526 959 2592 baec
979 2547 1081 2609 popu·

111 2615 165 2680 lus
185 2615 363 2699 respiciens
379 2615 495 2680 maluit
515 2615 607 2680 illum
621 2613 789 2678 innoxium
809 2611 907 2696 plecti
929 2632 1025 2696 quam
1045 2630 1081 2676 se
1165 2679 1169 2683 ,

110 2700 238 2764 diutius
261 2720 330 2764 esse
351 2699 386 2763 in
408 2700 533 2766 timore.

365 3055 411 3130 Π.
464 3048 826 3128 THEMISTOOLES.
871 3109 874 3116 .

200 3202 452 3286 Themistocles,
473 3201 588 3268 Neocli
609 3201 708 3284 filius,
731 3198 948 3265 Atheniensis.
984 3199 1080 3266 huius
1100 3205 1115 3266 1

107 3288 196 3352 vitia
224 3287 370 3352 ineuntis
398 3285 630 3352 adulescentiae
657 3283 783 3370 magnis
814 3288 890 3350 sunt
916 3283 1083 3351 emendata

107 3372 309 3453 virtutibuS,
343 3370 421 3436 adeo
450 3374 487 3434 ut
514 3368 711 3434 anteferatur
741 3369 816 3433 huic
842 3389 954 3452 nemo,
987 3371 1083 3454 pauci

107 3478 208 3539 pares
231 3459 397 3540 putentur.
434 3453 489 3520 sed
510 3455 550 3518 ab
572 3453 665 3518 initio
688 3456 738 3518 est
758 3450 954 3518 ordiendum.
990 3457 1113 3538 patera
