<?xml version="1.0" encoding="UTF-8"?>
<!DOCTYPE html PUBLIC "-//W3C//DTD XHTML 1.0 Transitional//EN"
    "http://www.w3.org/TR/xhtml1/DTD/xhtml1-transitional.dtd">
<html xmlns="http://www.w3.org/1999/xhtml" xml:lang="en" lang="en">
 <head>
  <title>
</title>
<meta http-equiv="Content-Type" content="text/html;charset=utf-8" />
  <meta name='ocr-system' content='tesseract 3.04.00' />
  <meta name='ocr-capabilities' content='ocr_page ocr_carea ocr_par ocr_line ocrx_word'/>
</head>
<body>
  <div class='ocr_page' id='page_1' title='image "./corneliinepotis00halmgoog_0086.png"; bbox 0 0 2456 3884; ppageno 0'>
   <div class='ocr_carea' id='block_1_1' title="bbox 157 229 824 294">
    <p class='ocr_par' dir='ltr' id='par_1_1' title="bbox 157 229 824 294">
     <span class='ocr_line' id='line_1_1' title="bbox 157 229 824 294; baseline -0.004 0"><span class='ocrx_word' id='word_1_1' title='bbox 157 229 200 294; x_wconf 81' lang='grc'>80</span> <span class='ocrx_word' id='word_1_2' title='bbox 452 244 524 292; x_wconf 84' lang='lat' dir='ltr'><strong>xix.</strong></span> <span class='ocrx_word' id='word_1_3' title='bbox 562 241 726 291; x_wconf 79' lang='lat' dir='ltr'>ruocrou.</span> <span class='ocrx_word' id='word_1_4' title='bbox 751 239 775 292; x_wconf 90' lang='lat'>1.</span> <span class='ocrx_word' id='word_1_5' title='bbox 797 238 824 292; x_wconf 83' lang='lat' dir='ltr'>r.</span> 
     </span>
    </p>
   </div>
   <div class='ocr_carea' id='block_1_2' title="bbox 128 374 1228 1385">
    <p class='ocr_par' dir='ltr' id='par_1_2' title="bbox 157 374 1131 462">
     <span class='ocr_line' id='line_1_2' title="bbox 157 374 1131 462; baseline -0.004 -18"><span class='ocrx_word' id='word_1_6' title='bbox 157 383 273 445; x_wconf 86' lang='lat' dir='ltr'>sunta</span> <span class='ocrx_word' id='word_1_7' title='bbox 319 379 415 462; x_wconf 84' lang='lat' dir='ltr'>ellati,</span> <span class='ocrx_word' id='word_1_8' title='bbox 439 401 477 443; x_wconf 84' lang='lat' dir='ltr'>ex</span> <span class='ocrx_word' id='word_1_9' title='bbox 498 378 561 442; x_wconf 92' lang='lat' dir='ltr'>hoc</span> <span class='ocrx_word' id='word_1_10' title='bbox 575 377 727 442; x_wconf 76' lang='lat' dir='ltr'><strong>facillime</strong></span> <span class='ocrx_word' id='word_1_11' title='bbox 743 379 850 460; x_wconf 88' lang='lat' dir='ltr'>potest</span> <span class='ocrx_word' id='word_1_12' title='bbox 871 374 1017 458; x_wconf 89' lang='lat' dir='ltr'>iudicari,</span> <span class='ocrx_word' id='word_1_13' title='bbox 1041 377 1131 460; x_wconf 91' lang='lat' dir='ltr'>quod</span> 
     </span>
    </p>

    <p class='ocr_par' dir='ltr' id='par_1_3' title="bbox 128 460 1228 1049">
     <span class='ocr_line' id='line_1_3' title="bbox 128 460 1131 545; baseline -0.004 -18"><span class='ocrx_word' id='word_1_14' title='bbox 128 479 253 530; x_wconf 79' lang='lat' dir='ltr'>anemo</span> <span class='ocrx_word' id='word_1_15' title='bbox 313 484 426 528; x_wconf 91' lang='lat' dir='ltr'>umene</span> <span class='ocrx_word' id='word_1_16' title='bbox 457 463 531 527; x_wconf 82' lang='lat' dir='ltr'>vivo</span> <span class='ocrx_word' id='word_1_17' title='bbox 559 483 616 526; x_wconf 85' lang='lat' dir='ltr'>rex</span> <span class='ocrx_word' id='word_1_18' title='bbox 643 461 822 545; x_wconf 86' lang='lat' dir='ltr'>appellatus</span> <span class='ocrx_word' id='word_1_19' title='bbox 854 464 917 543; x_wconf 87' lang='lat' dir='ltr'>est,</span> <span class='ocrx_word' id='word_1_20' title='bbox 952 460 1008 524; x_wconf 88' lang='lat' dir='ltr'>sed</span> <span class='ocrx_word' id='word_1_21' title='bbox 1038 482 1131 543; x_wconf 88' lang='lat' dir='ltr'>prae·</span> 
     </span>
     <span class='ocr_line' id='line_1_4' title="bbox 157 544 1132 630; baseline -0.005 -18"><span class='ocrx_word' id='word_1_22' title='bbox 157 550 276 628; x_wconf 85' lang='lat' dir='ltr'>fectus,</span> <span class='ocrx_word' id='word_1_23' title='bbox 310 546 411 611; x_wconf 90' lang='lat' dir='ltr'>eidem</span> <span class='ocrx_word' id='word_1_24' title='bbox 444 549 520 630; x_wconf 91' lang='lat' dir='ltr'>post</span> <span class='ocrx_word' id='word_1_25' title='bbox 545 546 642 610; x_wconf 83' lang='lat' dir='ltr'>huius</span> <span class='ocrx_word' id='word_1_26' title='bbox 678 565 825 609; x_wconf 85' lang='lat' dir='ltr'>occasum</span> <span class='ocrx_word' id='word_1_27' title='bbox 857 545 966 608; x_wconf 81' lang='lat' dir='ltr'>statim</span> <span class='ocrx_word' id='word_1_28' title='bbox 1001 544 1132 628; x_wconf 89' lang='lat' dir='ltr'>regium</span> 
     </span>
     <span class='ocr_line' id='line_1_5' title="bbox 158 626 1130 714; baseline -0.002 -19"><span class='ocrx_word' id='word_1_29' title='bbox 158 634 306 696; x_wconf 87' lang='lat' dir='ltr'>ornatum</span> <span class='ocrx_word' id='word_1_30' title='bbox 335 651 519 714; x_wconf 82' lang='lat' dir='ltr'>nomenque</span> <span class='ocrx_word' id='word_1_31' title='bbox 547 632 752 712; x_wconf 82' lang='lat' dir='ltr'>sumpserunt</span> <span class='ocrx_word' id='word_1_32' title='bbox 773 648 893 711; x_wconf 88' lang='lat' dir='ltr'>neque,</span> <span class='ocrx_word' id='word_1_33' title='bbox 922 626 1010 710; x_wconf 92' lang='lat' dir='ltr'>quod</span> <span class='ocrx_word' id='word_1_34' title='bbox 1032 628 1130 693; x_wconf 91' lang='lat' dir='ltr'>initio</span> 
     </span>
     <span class='ocr_line' id='line_1_6' title="bbox 157 712 1131 799; baseline -0.002 -21"><span class='ocrx_word' id='word_1_35' title='bbox 157 713 394 799; x_wconf 74' lang='lat' dir='ltr'><strong>praedicarant,</strong></span> <span class='ocrx_word' id='word_1_36' title='bbox 423 736 456 779; x_wconf 92' lang='lat' dir='ltr'>se</span> <span class='ocrx_word' id='word_1_37' title='bbox 484 713 660 778; x_wconf 84' lang='lat' dir='ltr'>Alexandri</span> <span class='ocrx_word' id='word_1_38' title='bbox 687 712 798 776; x_wconf 89' lang='lat' dir='ltr'>liberis</span> <span class='ocrx_word' id='word_1_39' title='bbox 825 731 961 795; x_wconf 88' lang='lat' dir='ltr'>regnum</span> <span class='ocrx_word' id='word_1_40' title='bbox 990 733 1131 794; x_wconf 84' lang='lat' dir='ltr'>servare,</span> 
     </span>
     <span class='ocr_line' id='line_1_7' title="bbox 157 795 1132 882; baseline -0.003 -21"><span class='ocrx_word' id='word_1_41' title='bbox 157 801 320 882; x_wconf 83' lang='lat' dir='ltr'>praestare</span> <span class='ocrx_word' id='word_1_42' title='bbox 334 798 508 863; x_wconf 85' lang='lat' dir='ltr'>voluerunt</span> <span class='ocrx_word' id='word_1_43' title='bbox 522 801 556 861; x_wconf 88' lang='lat' dir='ltr'>et</span> <span class='ocrx_word' id='word_1_44' title='bbox 569 818 633 861; x_wconf 92' lang='lat' dir='ltr'>uno</span> <span class='ocrx_word' id='word_1_45' title='bbox 649 799 891 880; x_wconf 79' lang='lat' dir='ltr'>propugnatore</span> <span class='ocrx_word' id='word_1_46' title='bbox 906 795 1034 860; x_wconf 88' lang='lat' dir='ltr'>sublato</span> <span class='ocrx_word' id='word_1_47' title='bbox 1051 795 1132 879; x_wconf 92' lang='lat' dir='ltr'>quid</span> 
     </span>
     <span class='ocr_line' id='line_1_8' title="bbox 161 878 1228 965; baseline -0.002 -20"><span class='ocrx_word' id='word_1_48' title='bbox 161 881 318 945; x_wconf 79' lang='lat' dir='ltr'>sentirent</span> <span class='ocrx_word' id='word_1_49' title='bbox 332 886 535 965; x_wconf 88' lang='lat' dir='ltr'>aperuerunt.</span> <span class='ocrx_word' id='word_1_50' title='bbox 565 880 661 945; x_wconf 92' lang='lat' dir='ltr'>huius</span> <span class='ocrx_word' id='word_1_51' title='bbox 676 879 805 944; x_wconf 89' lang='lat' dir='ltr'>sceleris</span> <span class='ocrx_word' id='word_1_52' title='bbox 842 878 981 961; x_wconf 90' lang='lat' dir='ltr'>rincipes</span> <span class='ocrx_word' id='word_1_53' title='bbox 994 878 1132 944; x_wconf 85' lang='lat' dir='ltr'>fuerunt</span> <span class='ocrx_word' id='word_1_54' title='bbox 1227 916 1228 919; x_wconf 61' lang='lat'><em>=</em></span> 
     </span>
     <span class='ocr_line' id='line_1_9' title="bbox 160 901 1131 1049; baseline 0 -21"><span class='ocrx_word' id='word_1_55' title='bbox 160 965 356 1049; x_wconf 79' lang='lat' dir='ltr'>Antigonus,</span> <span class='ocrx_word' id='word_1_56' title='bbox 378 965 596 1046; x_wconf 88' lang='lat' dir='ltr'>Ptolemaeus,</span> <span class='ocrx_word' id='word_1_57' title='bbox 619 963 786 1046; x_wconf 77' lang='lat' dir='ltr'>Seleucus,</span> <span class='ocrx_word' id='word_1_58' title='bbox 809 901 1029 1046; x_wconf 71' lang='lat' dir='ltr'>dysimachus,</span> <span class='ocrx_word' id='word_1_59' title='bbox 1053 961 1131 1028; x_wconf 76' lang='lat' dir='ltr'>cas-</span> 
     </span>
    </p>

    <p class='ocr_par' dir='ltr' id='par_1_4' title="bbox 129 1047 1132 1301">
     <span class='ocr_line' id='line_1_10' title="bbox 129 1047 1132 1134; baseline 0.002 -25"><span class='ocrx_word' id='word_1_60' title='bbox 129 1047 303 1112; x_wconf 72' lang='lat' dir='ltr'>ssandrus.</span> <span class='ocrx_word' id='word_1_61' title='bbox 332 1049 519 1134; x_wconf 81' lang='lat' dir='ltr'>Antigonus</span> <span class='ocrx_word' id='word_1_62' title='bbox 540 1051 648 1112; x_wconf 88' lang='lat' dir='ltr'>autem</span> <span class='ocrx_word' id='word_1_63' title='bbox 668 1047 848 1111; x_wconf 83' lang='lat' dir='ltr'>Eumenem</span> <span class='ocrx_word' id='word_1_64' title='bbox 869 1049 1034 1110; x_wconf 91' lang='lat' dir='ltr'>mortuum</span> <span class='ocrx_word' id='word_1_65' title='bbox 1053 1069 1132 1130; x_wconf 90' lang='lat' dir='ltr'>pro·</span> 
     </span>
     <span class='ocr_line' id='line_1_11' title="bbox 159 1129 1130 1216; baseline 0.001 -22"><span class='ocrx_word' id='word_1_66' title='bbox 159 1131 289 1216; x_wconf 82' lang='lat' dir='ltr'>pinquis</span> <span class='ocrx_word' id='word_1_67' title='bbox 321 1132 389 1197; x_wconf 91' lang='lat' dir='ltr'>eius</span> <span class='ocrx_word' id='word_1_68' title='bbox 422 1131 639 1216; x_wconf 89' lang='lat' dir='ltr'>sepeliendum</span> <span class='ocrx_word' id='word_1_69' title='bbox 671 1129 812 1194; x_wconf 89' lang='lat' dir='ltr'>tradidit.</span> <span class='ocrx_word' id='word_1_70' title='bbox 857 1129 893 1192; x_wconf 92' lang='lat' dir='ltr'>hi</span> <span class='ocrx_word' id='word_1_71' title='bbox 914 1129 1045 1194; x_wconf 85' lang='lat' dir='ltr'>militari</span> <span class='ocrx_word' id='word_1_72' title='bbox 1067 1130 1130 1196; x_wconf 94' lang='lat' dir='ltr'>ho-</span> 
     </span>
     <span class='ocr_line' id='line_1_12' title="bbox 159 1212 1132 1301; baseline 0 -22"><span class='ocrx_word' id='word_1_73' title='bbox 159 1219 316 1299; x_wconf 88' lang='lat' dir='ltr'>nestoque</span> <span class='ocrx_word' id='word_1_74' title='bbox 330 1215 452 1301; x_wconf 85' lang='lat' dir='ltr'>funere,</span> <span class='ocrx_word' id='word_1_75' title='bbox 468 1216 641 1281; x_wconf 83' lang='lat' dir='ltr'>comitante</span> <span class='ocrx_word' id='word_1_76' title='bbox 655 1217 724 1278; x_wconf 87' lang='lat' dir='ltr'>toto</span> <span class='ocrx_word' id='word_1_77' title='bbox 742 1212 893 1296; x_wconf 88' lang='lat' dir='ltr'>exercitu,</span> <span class='ocrx_word' id='word_1_78' title='bbox 912 1212 1132 1279; x_wconf 81' lang='lat' dir='ltr'>humaverunt</span> 
     </span>
    </p>

    <p class='ocr_par' dir='ltr' id='par_1_5' title="bbox 254 1297 1228 1385">
     <span class='ocr_line' id='line_1_13' title="bbox 254 1297 1228 1385; baseline 0 -21"><span class='ocrx_word' id='word_1_79' title='bbox 254 1321 295 1364; x_wconf 88' lang='lat' dir='ltr'>ue</span> <span class='ocrx_word' id='word_1_80' title='bbox 317 1301 384 1365; x_wconf 90' lang='lat' dir='ltr'>eius</span> <span class='ocrx_word' id='word_1_81' title='bbox 406 1302 441 1365; x_wconf 92' lang='lat' dir='ltr'>in</span> <span class='ocrx_word' id='word_1_82' title='bbox 457 1299 690 1384; x_wconf 83' lang='lat' dir='ltr'>Cappadociam</span> <span class='ocrx_word' id='word_1_83' title='bbox 712 1297 753 1362; x_wconf 86' lang='lat' dir='ltr'>ad</span> <span class='ocrx_word' id='word_1_84' title='bbox 774 1299 910 1360; x_wconf 90' lang='lat' dir='ltr'>matrem</span> <span class='ocrx_word' id='word_1_85' title='bbox 932 1301 1030 1381; x_wconf 86' lang='lat' dir='ltr'>atque</span> <span class='ocrx_word' id='word_1_86' title='bbox 1052 1319 1132 1364; x_wconf 87' lang='lat' dir='ltr'>uxo·</span> <span class='ocrx_word' id='word_1_87' title='bbox 1227 1368 1228 1385; x_wconf 50' lang='lat'>,</span> 
     </span>
    </p>
   </div>
   <div class='ocr_carea' id='block_1_3' title="bbox 159 1321 228 1448">
    <p class='ocr_par' dir='ltr' id='par_1_6' title="bbox 159 1321 228 1448">
     <span class='ocr_line' id='line_1_14' title="bbox 160 1321 196 1364; baseline 0 0"><span class='ocrx_word' id='word_1_88' title='bbox 160 1321 196 1364; x_wconf 74' lang='lat'>08</span> 
     </span>
     <span class='ocr_line' id='line_1_15' title="bbox 159 1403 228 1448; baseline 0 0"><span class='ocrx_word' id='word_1_89' title='bbox 159 1403 228 1448; x_wconf 82' lang='lat' dir='ltr'>rem</span> 
     </span>
    </p>
   </div>
   <div class='ocr_carea' id='block_1_4' title="bbox 273 1381 922 1469">
    <p class='ocr_par' dir='ltr' id='par_1_7' title="bbox 273 1381 922 1469">
     <span class='ocr_line' id='line_1_16' title="bbox 273 1381 922 1469; baseline -0.008 -19"><span class='ocrx_word' id='word_1_90' title='bbox 273 1385 429 1469; x_wconf 90' lang='lat' dir='ltr'>berosque</span> <span class='ocrx_word' id='word_1_91' title='bbox 452 1385 520 1449; x_wconf 87' lang='lat' dir='ltr'>eius</span> <span class='ocrx_word' id='word_1_92' title='bbox 542 1381 737 1467; x_wconf 87' lang='lat' dir='ltr'>deportanda</span> <span class='ocrx_word' id='word_1_93' title='bbox 759 1384 922 1446; x_wconf 89' lang='lat' dir='ltr'>curarunt.</span> 
     </span>
    </p>
   </div>
   <div class='ocr_carea' id='block_1_5' title="bbox 547 1588 745 1598">
    <p class='ocr_par' dir='ltr' id='par_1_8' title="bbox 547 1588 745 1598">
     <span class='ocr_line' id='line_1_17' title="bbox 547 1588 745 1598; baseline -0.01 0"><span class='ocrx_word' id='word_1_94' title='bbox 547 1588 745 1598; x_wconf 52' lang='grc' dir='ltr'>...μ</span> 
     </span>
    </p>
   </div>
   <div class='ocr_carea' id='block_1_6' title="bbox 461 1736 938 1820">
    <p class='ocr_par' dir='ltr' id='par_1_9' title="bbox 461 1736 938 1820">
     <span class='ocr_line' id='line_1_18' title="bbox 461 1736 938 1820; baseline 0.021 -10"><span class='ocrx_word' id='word_1_95' title='bbox 461 1737 558 1814; x_wconf 82' lang='grc' dir='ltr'><strong>ΧΙΧ.</strong></span> <span class='ocrx_word' id='word_1_96' title='bbox 611 1736 827 1813; x_wconf 82' lang='grc' dir='ltr'><strong>ΡΗΟΟΙΟΝ.</strong></span> <span class='ocrx_word' id='word_1_97' title='bbox 936 1817 938 1820; x_wconf 75' lang='grc'>,</span> 
     </span>
    </p>
   </div>
   <div class='ocr_carea' id='block_1_7' title="bbox 126 1884 1227 3554">
    <p class='ocr_par' dir='ltr' id='par_1_10' title="bbox 126 1884 1227 3554">
     <span class='ocr_line' id='line_1_19' title="bbox 128 1884 1133 1970; baseline 0.002 -22"><span class='ocrx_word' id='word_1_98' title='bbox 128 1886 145 1948; x_wconf 96' lang='grc'>1</span> <span class='ocrx_word' id='word_1_99' title='bbox 245 1885 391 1951; x_wconf 91' lang='lat' dir='ltr'>Phocion</span> <span class='ocrx_word' id='word_1_100' title='bbox 406 1885 614 1950; x_wconf 79' lang='lat' dir='ltr'>Atheniensis</span> <span class='ocrx_word' id='word_1_101' title='bbox 635 1885 695 1950; x_wconf 89' lang='lat' dir='ltr'>etsi</span> <span class='ocrx_word' id='word_1_102' title='bbox 717 1905 811 1970; x_wconf 89' lang='lat' dir='ltr'>saepe</span> <span class='ocrx_word' id='word_1_103' title='bbox 828 1884 1021 1950; x_wconf 78' lang='lat' dir='ltr'>exercitibus</span> <span class='ocrx_word' id='word_1_104' title='bbox 1039 1907 1133 1968; x_wconf 85' lang='lat' dir='ltr'>prae·</span> 
     </span>
     <span class='ocr_line' id='line_1_20' title="bbox 162 1965 1227 2066; baseline -0.001 -32"><span class='ocrx_word' id='word_1_105' title='bbox 162 1969 226 2034; x_wconf 86' lang='lat' dir='ltr'>fuit</span> <span class='ocrx_word' id='word_1_106' title='bbox 246 1991 450 2066; x_wconf 87' lang='lat' dir='ltr'>summosque</span> <span class='ocrx_word' id='word_1_107' title='bbox 471 1972 676 2054; x_wconf 77' lang='lat' dir='ltr'>magistratus</span> <span class='ocrx_word' id='word_1_108' title='bbox 699 1970 792 2066; x_wconf 88' lang='lat' dir='ltr'>cepit,</span> <span class='ocrx_word' id='word_1_109' title='bbox 816 1973 926 2034; x_wconf 89' lang='lat' dir='ltr'>tamen</span> <span class='ocrx_word' id='word_1_110' title='bbox 940 1968 1045 2034; x_wconf 89' lang='lat' dir='ltr'>multo</span> <span class='ocrx_word' id='word_1_111' title='bbox 1062 1970 1132 2034; x_wconf 79' lang='lat' dir='ltr'>cius</span> <span class='ocrx_word' id='word_1_112' title='bbox 1226 1965 1227 1976; x_wconf 72' lang='grc'>’</span> 
     </span>
     <span class='ocr_line' id='line_1_21' title="bbox 162 2037 1227 2138; baseline 0 -21"><span class='ocrx_word' id='word_1_113' title='bbox 162 2054 272 2118; x_wconf 85' lang='lat' dir='ltr'>notior</span> <span class='ocrx_word' id='word_1_114' title='bbox 292 2055 460 2138; x_wconf 72' lang='lat' dir='ltr'>integritas</span> <span class='ocrx_word' id='word_1_115' title='bbox 481 2055 566 2118; x_wconf 86' lang='lat' dir='ltr'>ritae</span> <span class='ocrx_word' id='word_1_116' title='bbox 581 2074 677 2136; x_wconf 88' lang='lat' dir='ltr'>quam</span> <span class='ocrx_word' id='word_1_117' title='bbox 698 2074 745 2117; x_wconf 86' lang='lat' dir='ltr'>rei</span> <span class='ocrx_word' id='word_1_118' title='bbox 760 2053 910 2118; x_wconf 86' lang='lat' dir='ltr'>militaris</span> <span class='ocrx_word' id='word_1_119' title='bbox 924 2053 1024 2116; x_wconf 86' lang='lat' dir='ltr'>labor.</span> <span class='ocrx_word' id='word_1_120' title='bbox 1072 2055 1130 2117; x_wconf 85' lang='lat' dir='ltr'>its·</span> <span class='ocrx_word' id='word_1_121' title='bbox 1225 2037 1227 2136; x_wconf 78' lang='lat' dir='ltr'>l</span> 
     </span>
     <span class='ocr_line' id='line_1_22' title="bbox 184 2135 1227 2219; baseline 0 -19"><span class='ocrx_word' id='word_1_122' title='bbox 184 2157 224 2200; x_wconf 89' lang='lat' dir='ltr'>ue</span> <span class='ocrx_word' id='word_1_123' title='bbox 245 2137 341 2200; x_wconf 91' lang='lat' dir='ltr'>huius</span> <span class='ocrx_word' id='word_1_124' title='bbox 368 2137 523 2200; x_wconf 87' lang='lat' dir='ltr'>memoria</span> <span class='ocrx_word' id='word_1_125' title='bbox 550 2138 599 2199; x_wconf 91' lang='lat' dir='ltr'>est</span> <span class='ocrx_word' id='word_1_126' title='bbox 625 2135 729 2219; x_wconf 85' lang='lat' dir='ltr'>nulla,</span> <span class='ocrx_word' id='word_1_127' title='bbox 760 2137 847 2202; x_wconf 90' lang='lat' dir='ltr'>illius</span> <span class='ocrx_word' id='word_1_128' title='bbox 875 2139 980 2200; x_wconf 86' lang='lat' dir='ltr'>autem</span> <span class='ocrx_word' id='word_1_129' title='bbox 1007 2158 1039 2200; x_wconf 90' lang='lat' dir='ltr'>m</span> <span class='ocrx_word' id='word_1_130' title='bbox 1112 2159 1132 2200; x_wconf 84' lang='lat' dir='ltr'>a</span> <span class='ocrx_word' id='word_1_131' title='bbox 1225 2141 1227 2210; x_wconf 78' lang='lat' dir='ltr'>l</span> 
     </span>
     <span class='ocr_line' id='line_1_23' title="bbox 132 2157 1227 2304; baseline 0.006 -27"><span class='ocrx_word' id='word_1_132' title='bbox 132 2157 259 2301; x_wconf 75' lang='lat' dir='ltr'>alama,</span> <span class='ocrx_word' id='word_1_133' title='bbox 282 2238 320 2280; x_wconf 86' lang='lat' dir='ltr'>ex</span> <span class='ocrx_word' id='word_1_134' title='bbox 342 2239 406 2301; x_wconf 91' lang='lat' dir='ltr'>quo</span> <span class='ocrx_word' id='word_1_135' title='bbox 429 2218 620 2302; x_wconf 81' lang='lat' dir='ltr'>cognomine</span> <span class='ocrx_word' id='word_1_136' title='bbox 637 2217 747 2283; x_wconf 82' lang='lat' dir='ltr'>Bonus</span> <span class='ocrx_word' id='word_1_137' title='bbox 771 2224 819 2285; x_wconf 91' lang='lat' dir='ltr'>est</span> <span class='ocrx_word' id='word_1_138' title='bbox 839 2219 1022 2304; x_wconf 86' lang='lat' dir='ltr'>appellatus.</span> <span class='ocrx_word' id='word_1_139' title='bbox 1078 2221 1138 2284; x_wconf 85' lang='lat' dir='ltr'>uit</span> <span class='ocrx_word' id='word_1_140' title='bbox 1225 2221 1227 2275; x_wconf 82' lang='lat' dir='ltr'>l</span> 
     </span>
     <span class='ocr_line' id='line_1_24' title="bbox 163 2301 1134 2449; baseline 0.006 -85"><span class='ocrx_word' id='word_1_141' title='bbox 163 2301 249 2365; x_wconf 90' lang='lat' dir='ltr'>enim</span> <span class='ocrx_word' id='word_1_142' title='bbox 270 2304 425 2386; x_wconf 88' lang='lat' dir='ltr'>perpetuo</span> <span class='ocrx_word' id='word_1_143' title='bbox 447 2323 583 2449; x_wconf 73' lang='lat' dir='ltr'>pauper,</span> <span class='ocrx_word' id='word_1_144' title='bbox 606 2323 679 2366; x_wconf 90' lang='lat' dir='ltr'>cnm</span> <span class='ocrx_word' id='word_1_145' title='bbox 701 2302 910 2368; x_wconf 88' lang='lat' dir='ltr'>divitissimus</span> <span class='ocrx_word' id='word_1_146' title='bbox 931 2323 996 2368; x_wconf 88' lang='lat' dir='ltr'>esse</span> <span class='ocrx_word' id='word_1_147' title='bbox 1017 2308 1134 2386; x_wconf 87' lang='lat' dir='ltr'>posset</span> 
     </span>
     <span class='ocr_line' id='line_1_25' title="bbox 163 2385 1133 2472; baseline 0.004 -24"><span class='ocrx_word' id='word_1_148' title='bbox 163 2389 295 2470; x_wconf 87' lang='lat' dir='ltr'>propter</span> <span class='ocrx_word' id='word_1_149' title='bbox 305 2385 488 2470; x_wconf 88' lang='lat' dir='ltr'>frequentes</span> <span class='ocrx_word' id='word_1_150' title='bbox 525 2385 625 2450; x_wconf 88' lang='lat' dir='ltr'>elatos</span> <span class='ocrx_word' id='word_1_151' title='bbox 635 2386 775 2451; x_wconf 90' lang='lat' dir='ltr'>honores</span> <span class='ocrx_word' id='word_1_152' title='bbox 790 2391 1029 2472; x_wconf 75' lang='lat' dir='ltr'>potestatesque</span> <span class='ocrx_word' id='word_1_153' title='bbox 1044 2409 1133 2452; x_wconf 91' lang='lat' dir='ltr'>sum-</span> 
     </span>
     <span class='ocr_line' id='line_1_26' title="bbox 133 2469 1133 2556; baseline 0.003 -23"><span class='ocrx_word' id='word_1_154' title='bbox 133 2479 248 2554; x_wconf 70' lang='lat' dir='ltr'>tmas,</span> <span class='ocrx_word' id='word_1_155' title='bbox 276 2491 357 2556; x_wconf 87' lang='lat' dir='ltr'>quae</span> <span class='ocrx_word' id='word_1_156' title='bbox 379 2471 409 2534; x_wconf 91' lang='lat' dir='ltr'>ei</span> <span class='ocrx_word' id='word_1_157' title='bbox 431 2493 450 2535; x_wconf 91' lang='lat' dir='ltr'>a</span> <span class='ocrx_word' id='word_1_158' title='bbox 470 2470 590 2554; x_wconf 91' lang='lat' dir='ltr'>populo</span> <span class='ocrx_word' id='word_1_159' title='bbox 619 2469 785 2535; x_wconf 86' lang='lat' dir='ltr'>dabantur.</span> <span class='ocrx_word' id='word_1_160' title='bbox 835 2472 889 2535; x_wconf 92' lang='lat' dir='ltr'>hic</span> <span class='ocrx_word' id='word_1_161' title='bbox 917 2493 990 2535; x_wconf 89' lang='lat' dir='ltr'>cum</span> <span class='ocrx_word' id='word_1_162' title='bbox 1012 2493 1032 2534; x_wconf 87' lang='lat' dir='ltr'>a</span> <span class='ocrx_word' id='word_1_163' title='bbox 1053 2493 1133 2556; x_wconf 87' lang='lat' dir='ltr'>rege</span> 
     </span>
     <span class='ocr_line' id='line_1_27' title="bbox 162 2552 1133 2639; baseline 0.004 -24"><span class='ocrx_word' id='word_1_164' title='bbox 162 2552 271 2636; x_wconf 91' lang='lat' dir='ltr'>Philip</span> <span class='ocrx_word' id='word_1_165' title='bbox 295 2575 314 2618; x_wconf 96' lang='lat' dir='ltr'>o</span> <span class='ocrx_word' id='word_1_166' title='bbox 336 2576 469 2618; x_wconf 91' lang='lat' dir='ltr'>munera</span> <span class='ocrx_word' id='word_1_167' title='bbox 490 2575 625 2638; x_wconf 85' lang='lat' dir='ltr'>magnae</span> <span class='ocrx_word' id='word_1_168' title='bbox 647 2555 802 2638; x_wconf 88' lang='lat' dir='ltr'>pecuniae</span> <span class='ocrx_word' id='word_1_169' title='bbox 823 2555 1021 2638; x_wconf 86' lang='lat' dir='ltr'>repudiaret,</span> <span class='ocrx_word' id='word_1_170' title='bbox 1043 2555 1133 2639; x_wconf 86' lang='lat' dir='ltr'>lega·</span> 
     </span>
     <span class='ocr_line' id='line_1_28' title="bbox 163 2576 1225 2782; baseline 0.006 -84"><span class='ocrx_word' id='word_1_171' title='bbox 163 2635 252 2718; x_wconf 88' lang='lat' dir='ltr'>tique</span> <span class='ocrx_word' id='word_1_172' title='bbox 272 2576 485 2701; x_wconf 76' lang='lat' dir='ltr'>hortarentur</span> <span class='ocrx_word' id='word_1_173' title='bbox 506 2639 648 2782; x_wconf 87' lang='lat' dir='ltr'>accipere</span> <span class='ocrx_word' id='word_1_174' title='bbox 676 2638 834 2721; x_wconf 90' lang='lat' dir='ltr'>simulque</span> <span class='ocrx_word' id='word_1_175' title='bbox 857 2638 1081 2722; x_wconf 91' lang='lat' dir='ltr'>admonerent,</span> <span class='ocrx_word' id='word_1_176' title='bbox 1104 2640 1133 2703; x_wconf 91' lang='lat' dir='ltr'>si</span> <span class='ocrx_word' id='word_1_177' title='bbox 1224 2691 1225 2730; x_wconf 59' lang='lat'>3</span> 
     </span>
     <span class='ocr_line' id='line_1_29' title="bbox 163 2719 1225 2806; baseline 0.005 -24"><span class='ocrx_word' id='word_1_178' title='bbox 163 2719 232 2802; x_wconf 91' lang='lat' dir='ltr'>ipse</span> <span class='ocrx_word' id='word_1_179' title='bbox 246 2719 286 2782; x_wconf 93' lang='lat' dir='ltr'>iis</span> <span class='ocrx_word' id='word_1_180' title='bbox 299 2719 394 2783; x_wconf 86' lang='lat' dir='ltr'>facile</span> <span class='ocrx_word' id='word_1_181' title='bbox 417 2723 551 2803; x_wconf 86' lang='lat' dir='ltr'>careret,</span> <span class='ocrx_word' id='word_1_182' title='bbox 587 2721 682 2784; x_wconf 89' lang='lat' dir='ltr'>iberis</span> <span class='ocrx_word' id='word_1_183' title='bbox 704 2725 813 2786; x_wconf 88' lang='lat' dir='ltr'>tamen</span> <span class='ocrx_word' id='word_1_184' title='bbox 835 2723 900 2786; x_wconf 91' lang='lat' dir='ltr'>suis</span> <span class='ocrx_word' id='word_1_185' title='bbox 920 2722 1133 2806; x_wconf 86' lang='lat' dir='ltr'>prospiceret,</span> <span class='ocrx_word' id='word_1_186' title='bbox 1223 2731 1225 2804; x_wconf 66' lang='grc' dir='ltr'>ζ</span> 
     </span>
     <span class='ocr_line' id='line_1_30' title="bbox 164 2802 1225 2928; baseline 0.002 -60"><span class='ocrx_word' id='word_1_187' title='bbox 164 2804 280 2888; x_wconf 90' lang='lat' dir='ltr'>quibus</span> <span class='ocrx_word' id='word_1_188' title='bbox 308 2802 437 2867; x_wconf 88' lang='lat' dir='ltr'>difficile</span> <span class='ocrx_word' id='word_1_189' title='bbox 466 2807 550 2868; x_wconf 89' lang='lat' dir='ltr'>esset</span> <span class='ocrx_word' id='word_1_190' title='bbox 580 2804 614 2866; x_wconf 92' lang='lat' dir='ltr'>in</span> <span class='ocrx_word' id='word_1_191' title='bbox 642 2825 767 2869; x_wconf 87' lang='lat' dir='ltr'>summa</span> <span class='ocrx_word' id='word_1_192' title='bbox 794 2809 982 2903; x_wconf 86' lang='lat' dir='ltr'>paupertate</span> <span class='ocrx_word' id='word_1_193' title='bbox 1004 2809 1133 2872; x_wconf 87' lang='lat' dir='ltr'>tantam</span> <span class='ocrx_word' id='word_1_194' title='bbox 1223 2809 1225 2928; x_wconf 55' lang='grc'>1</span> 
     </span>
     <span class='ocr_line' id='line_1_31' title="bbox 133 2887 1225 2985; baseline 0.005 -33"><span class='ocrx_word' id='word_1_195' title='bbox 133 2892 330 2985; x_wconf 61' lang='lat' dir='ltr'>Apaternam</span> <span class='ocrx_word' id='word_1_196' title='bbox 344 2889 427 2952; x_wconf 88' lang='lat' dir='ltr'>tueri</span> <span class='ocrx_word' id='word_1_197' title='bbox 443 2887 588 2972; x_wconf 86' lang='lat' dir='ltr'>gloriam,</span> <span class='ocrx_word' id='word_1_198' title='bbox 610 2888 661 2951; x_wconf 89' lang='lat' dir='ltr'>his</span> <span class='ocrx_word' id='word_1_199' title='bbox 675 2888 729 2952; x_wconf 89' lang='lat' dir='ltr'>ille</span> <span class='ocrx_word' id='word_1_200' title='bbox 753 2889 791 2953; x_wconf 79' lang='lat' dir='ltr'>‘si</span> <span class='ocrx_word' id='word_1_201' title='bbox 811 2910 875 2954; x_wconf 86' lang='lat' dir='ltr'>mer</span> <span class='ocrx_word' id='word_1_202' title='bbox 890 2889 1009 2954; x_wconf 88' lang='lat' dir='ltr'>similes</span> <span class='ocrx_word' id='word_1_203' title='bbox 1026 2894 1133 2974; x_wconf 84' lang='lat' dir='ltr'>erunt,</span> <span class='ocrx_word' id='word_1_204' title='bbox 1223 2937 1225 2970; x_wconf 77' lang='lat'>,</span> 
     </span>
     <span class='ocr_line' id='line_1_32' title="bbox 163 2970 1224 3056; baseline 0.005 -22"><span class='ocrx_word' id='word_1_205' title='bbox 163 2970 249 3036; x_wconf 78' lang='lat' dir='ltr'>idem</span> <span class='ocrx_word' id='word_1_206' title='bbox 269 2971 333 3035; x_wconf 90' lang='lat' dir='ltr'>hic&#39;</span> <span class='ocrx_word' id='word_1_207' title='bbox 359 2971 466 3055; x_wconf 91' lang='lat' dir='ltr'>inquit</span> <span class='ocrx_word' id='word_1_208' title='bbox 487 2971 620 3055; x_wconf 82' lang='lat' dir='ltr'>‘agellus</span> <span class='ocrx_word' id='word_1_209' title='bbox 642 2971 715 3035; x_wconf 90' lang='lat' dir='ltr'>illos</span> <span class='ocrx_word' id='word_1_210' title='bbox 737 2972 810 3052; x_wconf 89' lang='lat' dir='ltr'>alet,</span> <span class='ocrx_word' id='word_1_211' title='bbox 833 2973 889 3056; x_wconf 90' lang='lat' dir='ltr'>qui</span> <span class='ocrx_word' id='word_1_212' title='bbox 910 2993 961 3037; x_wconf 89' lang='lat' dir='ltr'>me</span> <span class='ocrx_word' id='word_1_213' title='bbox 983 2974 1025 3038; x_wconf 83' lang='lat' dir='ltr'>ad</span> <span class='ocrx_word' id='word_1_214' title='bbox 1046 2975 1134 3041; x_wconf 83' lang='lat' dir='ltr'>hanc</span> <span class='ocrx_word' id='word_1_215' title='bbox 1222 3001 1224 3056; x_wconf 55' lang='lat'><em>2</em></span> 
     </span>
     <span class='ocr_line' id='line_1_33' title="bbox 168 3052 1224 3140; baseline 0.007 -24"><span class='ocrx_word' id='word_1_216' title='bbox 168 3052 358 3138; x_wconf 83' lang='lat' dir='ltr'>dignitatem</span> <span class='ocrx_word' id='word_1_217' title='bbox 379 3055 541 3138; x_wconf 85' lang='lat' dir='ltr'>perduxit:</span> <span class='ocrx_word' id='word_1_218' title='bbox 563 3055 614 3118; x_wconf 89' lang='lat' dir='ltr'>sin</span> <span class='ocrx_word' id='word_1_219' title='bbox 636 3053 805 3120; x_wconf 89' lang='lat' dir='ltr'>dissimiles</span> <span class='ocrx_word' id='word_1_220' title='bbox 822 3060 898 3121; x_wconf 91' lang='lat' dir='ltr'>sunt</span> <span class='ocrx_word' id='word_1_221' title='bbox 917 3057 1031 3140; x_wconf 84' lang='lat' dir='ltr'>futuri,</span> <span class='ocrx_word' id='word_1_222' title='bbox 1052 3059 1132 3123; x_wconf 94' lang='lat' dir='ltr'>nolo</span> <span class='ocrx_word' id='word_1_223' title='bbox 1223 3073 1224 3076; x_wconf 75' lang='grc'>’</span> 
     </span>
     <span class='ocr_line' id='line_1_34' title="bbox 167 3137 1033 3223; baseline 0.006 -25"><span class='ocrx_word' id='word_1_224' title='bbox 167 3137 420 3221; x_wconf 85' lang='lat' dir='ltr'>meisimpensis</span> <span class='ocrx_word' id='word_1_225' title='bbox 442 3139 570 3203; x_wconf 88' lang='lat' dir='ltr'>illorum</span> <span class='ocrx_word' id='word_1_226' title='bbox 593 3137 636 3201; x_wconf 90' lang='lat' dir='ltr'>ali</span> <span class='ocrx_word' id='word_1_227' title='bbox 657 3140 829 3223; x_wconf 86' lang='lat' dir='ltr'>augerique</span> <span class='ocrx_word' id='word_1_228' title='bbox 851 3140 1033 3204; x_wconf 62' lang='lat' dir='ltr'>luxuriam?</span> 
     </span>
     <span class='ocr_line' id='line_1_35' title="bbox 126 3217 1134 3310; baseline 0.01 -30"><span class='ocrx_word' id='word_1_229' title='bbox 126 3222 149 3288; x_wconf 81' lang='grc'><strong><em>2</em></strong></span> <span class='ocrx_word' id='word_1_230' title='bbox 248 3217 337 3283; x_wconf 92' lang='lat' dir='ltr'>Idem</span> <span class='ocrx_word' id='word_1_231' title='bbox 352 3242 423 3285; x_wconf 92' lang='lat' dir='ltr'>cum</span> <span class='ocrx_word' id='word_1_232' title='bbox 435 3243 535 3306; x_wconf 91' lang='lat' dir='ltr'>prope</span> <span class='ocrx_word' id='word_1_233' title='bbox 550 3220 590 3285; x_wconf 89' lang='lat' dir='ltr'>ad</span> <span class='ocrx_word' id='word_1_234' title='bbox 601 3241 721 3286; x_wconf 89' lang='lat' dir='ltr'>annum</span> <span class='ocrx_word' id='word_1_235' title='bbox 734 3223 964 3310; x_wconf 87' lang='lat' dir='ltr'>octogesimum</span> <span class='ocrx_word' id='word_1_236' title='bbox 975 3245 1134 3307; x_wconf 83' lang='lat' dir='ltr'>prospera</span> 
     </span>
     <span class='ocr_line' id='line_1_36' title="bbox 165 3302 1133 3392; baseline 0.006 -26"><span class='ocrx_word' id='word_1_237' title='bbox 165 3302 363 3384; x_wconf 81' lang='lat' dir='ltr'>pervenisset</span> <span class='ocrx_word' id='word_1_238' title='bbox 377 3303 516 3386; x_wconf 87' lang='lat' dir='ltr'>fortuna,</span> <span class='ocrx_word' id='word_1_239' title='bbox 540 3306 688 3368; x_wconf 84' lang='lat' dir='ltr'>extremis</span> <span class='ocrx_word' id='word_1_240' title='bbox 703 3307 900 3389; x_wconf 87' lang='lat' dir='ltr'>temporibus</span> <span class='ocrx_word' id='word_1_241' title='bbox 917 3327 1074 3392; x_wconf 85' lang='lat' dir='ltr'>magnum</span> <span class='ocrx_word' id='word_1_242' title='bbox 1097 3310 1133 3372; x_wconf 88' lang='lat' dir='ltr'>in</span> 
     </span>
     <span class='ocr_line' id='line_1_37' title="bbox 135 3353 1223 3473; baseline 0.01 -26"><span class='ocrx_word' id='word_1_243' title='bbox 135 3384 274 3448; x_wconf 74' lang='lat' dir='ltr'>sodium</span> <span class='ocrx_word' id='word_1_244' title='bbox 301 3387 450 3466; x_wconf 85' lang='lat' dir='ltr'>pervenit</span> <span class='ocrx_word' id='word_1_245' title='bbox 469 3407 599 3450; x_wconf 90' lang='lat' dir='ltr'>suorum</span> <span class='ocrx_word' id='word_1_246' title='bbox 627 3388 759 3470; x_wconf 88' lang='lat' dir='ltr'>civium,</span> <span class='ocrx_word' id='word_1_247' title='bbox 787 3390 906 3472; x_wconf 87' lang='lat' dir='ltr'>primo,</span> <span class='ocrx_word' id='word_1_248' title='bbox 942 3391 1030 3473; x_wconf 89' lang='lat' dir='ltr'>quod</span> <span class='ocrx_word' id='word_1_249' title='bbox 1057 3413 1133 3456; x_wconf 91' lang='lat' dir='ltr'>cum</span> <span class='ocrx_word' id='word_1_250' title='bbox 1221 3353 1223 3458; x_wconf 89' lang='lat' dir='ltr'>l</span> 
     </span>
     <span class='ocr_line' id='line_1_38' title="bbox 166 3464 1136 3554; baseline 0.013 -26"><span class='ocrx_word' id='word_1_251' title='bbox 166 3465 307 3529; x_wconf 86' lang='lat' dir='ltr'>Demade</span> <span class='ocrx_word' id='word_1_252' title='bbox 343 3464 381 3528; x_wconf 91' lang='lat' dir='ltr'>de</span> <span class='ocrx_word' id='word_1_253' title='bbox 413 3467 491 3528; x_wconf 90' lang='lat' dir='ltr'>urbe</span> <span class='ocrx_word' id='word_1_254' title='bbox 527 3467 680 3532; x_wconf 81' lang='lat' dir='ltr'>hadenda</span> <span class='ocrx_word' id='word_1_255' title='bbox 711 3472 885 3554; x_wconf 86' lang='lat' dir='ltr'>Antipatro</span> <span class='ocrx_word' id='word_1_256' title='bbox 923 3485 1136 3541; x_wconf 85' lang='lat' dir='ltr'>consenserat</span> 
     </span>
    </p>
   </div>
   <div class='ocr_carea' id='block_1_8' title="bbox 0 0 1232 3884">
    <p class='ocr_par' dir='ltr' id='par_1_11' title="bbox 0 0 1232 3884">
     <span class='ocr_line' id='line_1_39' title="bbox 0 0 1232 3884; baseline 0 0"><span class='ocrx_word' id='word_1_257' title='bbox 0 0 1232 3884; x_wconf 95' lang='lat' dir='ltr'> </span> 
     </span>
    </p>
   </div>
  </div>
 </body>
</html>
