2456 3884
109 227 152 293 54
403 242 475 290 xrv.
513 239 780 292 persuasae.

112 376 166 442 diu
188 398 255 442 uno
277 377 348 444 loeo
370 377 487 443 sedere.
531 378 672 444 habebat
694 378 904 442 barbarorum
932 378 1084 461 equitum

81 475 173 544 axx,
195 459 337 546 peditum
359 465 487 527 cantum
509 463 608 543 milia,
631 484 711 545 quos
733 461 783 526 illi
798 460 954 526 Cardacas
969 463 1084 546 appel·

112 548 192 630 lant,
216 545 418 629 eiusdemque
440 548 568 632 generis
590 563 631 610 111
646 545 736 610 milia
755 544 964 627 funditorum,
987 567 1083 630 prae·

111 635 201 698 terea
222 627 448 714 Cappadocum
470 648 535 694 vm
556 631 655 712 milia,
679 629 907 695 Armeniorum
931 647 955 693 x
977 631 1082 712 milia,

111 713 360 800 Paphlagonum
381 732 405 778 v
426 715 530 798 milia,
552 714 641 797 Phry
665 737 720 778 um
742 731 766 777 x
787 713 891 796 milia,
914 713 1083 798 Lydorum

112 817 135 863 v
150 798 250 882 milia,
272 799 511 882 Aspendiorum
532 802 566 863 et
578 797 645 862 Pisi
704 819 759 864 um
781 798 907 863 circitor
921 815 962 862 111
975 799 1080 880 milia,

112 882 248 950 Cilicum
275 899 303 948 11
324 883 424 966 milia,
447 882 677 966 Captianorum
703 882 853 966 totidem,
881 904 920 947 ex
942 882 1081 946 Graecia

111 967 342 1033 conductorum
373 984 414 1030 111
440 967 543 1049 milia,
580 967 659 1031 levis
691 970 872 1032 armaturae
902 967 1082 1031 marimum

82 1061 291 1118 tuumerum.
328 1051 387 1118 has
408 1050 560 1116 advorsus
574 1051 683 1134 copias
705 1073 776 1135 spes
798 1050 903 1116 omnis
925 1051 1080 1116 consiste

111 1136 169 1201 bat
182 1135 313 1202 Datami
325 1136 362 1200 in
383 1157 416 1200 se
438 1136 565 1219 locique
584 1139 713 1200 nature:
735 1157 874 1219 namque
887 1136 984 1200 huius
1004 1157 1079 1220 par·

111 1226 177 1285 tem
198 1241 267 1285 non
287 1219 426 1286 habebat
446 1219 630 1284 vicesimam
650 1219 799 1284 militum.
836 1219 954 1303 quibus
974 1219 1078 1285 fretus

112 1304 259 1369 conflixit
272 1303 590 1388 adversariorumque
611 1304 713 1368 multa
727 1303 818 1368 milia
831 1303 980 1386 concidit,
1002 1325 1081 1368 cum

112 1389 150 1452 de
180 1388 280 1472 ipsius
302 1389 442 1453 exercitu
463 1409 532 1454 non
553 1387 690 1472 amplius
711 1387 880 1453 hominum
894 1387 980 1452 mille
994 1387 1077 1451 caci-

112 1471 220 1536 disset
255 1492 352 1554 quam
366 1474 408 1536 ob
422 1494 552 1538 oausam
564 1475 693 1556 postero
712 1471 763 1536 die
777 1475 945 1556 tropaeum
958 1472 1079 1555 posuit,

82 1567 177 1639 equo
207 1554 279 1619 loco
306 1555 410 1638 pridie
430 1560 611 1641 pugnatum
639 1560 716 1621 erat.
753 1556 842 1620 'hinc
874 1577 947 1621 cum
973 1560 1081 1620 casua

111 1639 265 1736 movisset
282 1659 470 1736 semperque
490 1639 625 1704 inferior
646 1641 747 1722 copiis
769 1639 914 1723 superior
928 1639 1081 1704 omnibus

110 1722 784 1905 pronumtiatum
809 1745 1081 1904 uu

112 1894 221 1976 sisset,
254 1894 341 1976 quod
373 1895 477 1976 perito
510 1913 544 1957 re
571 1893 679 1958 'onum
712 1891 888 1976 calhdeque
919 1896 1080 1977 cogitanti

82 1989 209 2060 osaepe
237 1977 416 2061 accidebat,
447 1979 558 2061 Autop
600 1976 724 2060 odates,
757 1998 830 2042 cum
855 1976 977 2042 bellurn
1003 1975 1079 2041 duci

111 2061 233 2126 maiore
255 2063 341 2146 regis
355 2061 537 2125 calamitate
559 2083 656 2144 quam
670 2061 924 2128 adversariorum
944 2060 1078 2142 videret,

110 2166 224 2228 pacem
251 2144 489 2226 amicitiamque
515 2143 664 2210 hortatus
692 2148 757 2227 est,
785 2148 822 2208 ut
847 2165 920 2209 cum
945 2164 1019 2230 rege
1039 2145 1076 2207 in

81 2228 250 2312 cgratiam
263 2226 389 2290 rediret
426 2247 524 2324 quam
544 2227 600 2292 ille
623 2229 683 2292 etsi
696 2228 793 2292 fidam
812 2250 879 2292 non
901 2227 972 2293 fore
986 2231 1076 2313 puta·

111 2313 175 2396 bat,
197 2314 307 2376 tamen
322 2307 542 2376 condiuonem
556 2313 680 2396 accepit
693 2334 790 2396 seque
810 2311 851 2377 ad
865 2315 1079 2378 Artaerxem

111 2397 235 2483 legatos
265 2395 438 2460 missurum
466 2395 555 2461 dixit.
604 2395 810 2480 ritboldum,
838 2395 926 2480 quod
945 2419 1003 2462 rex
1024 2397 1080 2462 ad-

110 2503 222 2546 versus
236 2480 398 2545 Datamen
419 2484 610 2565 susceperat,
633 2479 776 2545 sedatum
799 2483 854 2546 est.
891 2483 1078 2566 Autophro-

113 2565 213 2642 daus,
225 2563 261 2628 in
281 2563 459 2648 Phrygiam
481 2586 514 2628 se
536 2565 665 2647 recepit

76 2650 98 2714 9
196 2650 242 2712 At
267 2668 339 2730 rex,
373 2647 460 2730 quod
488 2647 689 2794 implacabile
717 2648 826 2714 odium
839 2647 889 2713 ‘in
916 2648 1080 2714 Datamen

111 2733 309 2816 susceperat,
332 2734 503 2813 postquam
553 2731 615 2796 ello
638 2752 711 2796 eum
733 2732 872 2816 opprimi
893 2753 962 2798 non
983 2755 1078 2816 posse

112 2815 353 2898 animadvertit,
384 2813 508 2879 insidiis
536 2815 714 2881 interficere
745 2816 882 2881 studuit:
916 2837 996 2900 quas
1022 2817 1079 2882 ille

82 2903 281 2987 aplerasque
309 2899 452 2966 evitavit.
502 2899 599 2982 sicut,
628 2921 701 2965 curn
728 2901 759 2964 ei
784 2901 970 2966 nuntiatum
995 2905 1080 2966 esset

112 2987 267 3069 quosdam
288 2986 350 3052 sibi
371 2983 532 3067 insidiari,
562 2983 618 3067 qui
645 2985 679 3048 in
706 2985 883 3049 amicorum
905 2988 998 3050 erant
1018 3006 1078 3050 nu·

111 3091 215 3134 mero:
249 3071 287 3134 de
316 3071 446 3154 quibus,
482 3067 568 3152 quod
595 3067 718 3133 inimici
744 3067 939 3152 detulerant,
971 3090 1078 3154 neque

111 3152 304 3218 credendum
325 3175 366 3236 ne
390 3176 430 3219 ue
451 3153 546 3239 negle
571 3151 687 3218 endum
701 3153 842 3235 putavit:
864 3153 1003 3250 experiri
1022 3175 1079 3218 vo·

82 3237 189 3320 aluit,
212 3257 323 3300 verum
343 3236 360 3299 f
407 3259 502 3303 umne
525 3173 587 3304 eiii
609 3239 691 3301 esset
711 3237 858 3302 relatum.
901 3241 1011 3321 itaque
1039 3259 1078 3302 eo

111 3321 275 3406 profectus
297 3322 359 3403 est,
388 3322 424 3385 in
451 3343 514 3405 quo
543 3322 657 3386 itinere
685 3319 810 3386 futuras
831 3321 965 3387 insidias
992 3321 1078 3386 dixe·

111 3410 195 3471 rant.
238 3403 294 3470 sed
315 3403 414 3487 elegit
435 3426 568 3488 corpore
595 3427 632 3468 ac
658 3407 781 3469 statura
808 3404 1006 3471 simillimum
1028 3407 1078 3471 sui

111 3492 205 3576 eique
226 3489 379 3558 vestitum
406 3509 500 3554 suurn
526 3489 614 3552 dedit
639 3493 737 3572 atque
764 3510 802 3554 ao
828 3489 900 3556 loco
922 3491 984 3560 ire.
1014 3510 1078 3571 quo
