<?xml version="1.0" encoding="UTF-8"?>
<!DOCTYPE html PUBLIC "-//W3C//DTD XHTML 1.0 Transitional//EN"
    "http://www.w3.org/TR/xhtml1/DTD/xhtml1-transitional.dtd">
<html xmlns="http://www.w3.org/1999/xhtml" xml:lang="en" lang="en">
 <head>
  <title>
</title>
<meta http-equiv="Content-Type" content="text/html;charset=utf-8" />
  <meta name='ocr-system' content='tesseract 3.04.00' />
  <meta name='ocr-capabilities' content='ocr_page ocr_carea ocr_par ocr_line ocrx_word'/>
</head>
<body>
  <div class='ocr_page' id='page_1' title='image "./corneliinepotis00halmgoog_0103.png"; bbox 0 0 2456 3884; ppageno 0'>
   <div class='ocr_carea' id='block_1_1' title="bbox 339 259 1050 324">
    <p class='ocr_par' dir='ltr' id='par_1_1' title="bbox 339 259 1050 324">
     <span class='ocr_line' id='line_1_1' title="bbox 339 259 1050 324; baseline 0.007 -5"><span class='ocrx_word' id='word_1_1' title='bbox 339 274 442 322; x_wconf 80' lang='lat' dir='ltr'>xxm.</span> <span class='ocrx_word' id='word_1_2' title='bbox 482 273 673 322; x_wconf 72' lang='lat' dir='ltr'>naumann.</span> <span class='ocrx_word' id='word_1_3' title='bbox 698 271 737 320; x_wconf 74' lang='lat'>12.</span> <span class='ocrx_word' id='word_1_4' title='bbox 761 271 801 321; x_wconf 80' lang='lat'>13.</span> <span class='ocrx_word' id='word_1_5' title='bbox 1008 259 1050 324; x_wconf 82' lang='grc'>97</span> 
     </span>
    </p>
   </div>
   <div class='ocr_carea' id='block_1_2' title="bbox 19 409 1139 1920">
    <p class='ocr_par' dir='ltr' id='par_1_2' title="bbox 19 409 1050 494">
     <span class='ocr_line' id='line_1_2' title="bbox 19 409 1050 494; baseline 0.001 -21"><span class='ocrx_word' id='word_1_6' title='bbox 19 489 20 492; x_wconf 9' lang='lat'>¹</span> <span class='ocrx_word' id='word_1_7' title='bbox 78 411 252 492; x_wconf 84' lang='lat' dir='ltr'>recusavit,</span> <span class='ocrx_word' id='word_1_8' title='bbox 274 430 316 473; x_wconf 88' lang='lat' dir='ltr'>na</span> <span class='ocrx_word' id='word_1_9' title='bbox 336 409 370 472; x_wconf 92' lang='lat' dir='ltr'>id</span> <span class='ocrx_word' id='word_1_10' title='bbox 392 432 412 473; x_wconf 85' lang='lat' dir='ltr'>a</span> <span class='ocrx_word' id='word_1_11' title='bbox 432 431 465 473; x_wconf 89' lang='lat' dir='ltr'>se</span> <span class='ocrx_word' id='word_1_12' title='bbox 480 409 550 474; x_wconf 88' lang='lat' dir='ltr'>fieri</span> <span class='ocrx_word' id='word_1_13' title='bbox 563 411 773 494; x_wconf 82' lang='lat' dir='ltr'>postularent,</span> <span class='ocrx_word' id='word_1_14' title='bbox 796 410 882 494; x_wconf 88' lang='lat' dir='ltr'>quod</span> <span class='ocrx_word' id='word_1_15' title='bbox 899 409 1050 474; x_wconf 86' lang='lat' dir='ltr'>adversus</span> 
     </span>
    </p>

    <p class='ocr_par' dir='ltr' id='par_1_3' title="bbox 19 493 1049 577">
     <span class='ocr_line' id='line_1_3' title="bbox 19 493 1049 577; baseline 0.001 -19"><span class='ocrx_word' id='word_1_16' title='bbox 19 553 20 558; x_wconf 73' lang='grc'>,</span> <span class='ocrx_word' id='word_1_17' title='bbox 78 495 133 558; x_wconf 91' lang='lat' dir='ltr'>ius</span> <span class='ocrx_word' id='word_1_18' title='bbox 155 494 291 577; x_wconf 90' lang='lat' dir='ltr'>hospitii</span> <span class='ocrx_word' id='word_1_19' title='bbox 306 496 403 556; x_wconf 86' lang='lat' dir='ltr'>esset:</span> <span class='ocrx_word' id='word_1_20' title='bbox 424 494 496 576; x_wconf 87' lang='lat' dir='ltr'>ipsi,</span> <span class='ocrx_word' id='word_1_21' title='bbox 519 494 547 558; x_wconf 92' lang='lat' dir='ltr'>si</span> <span class='ocrx_word' id='word_1_22' title='bbox 561 497 703 577; x_wconf 79' lang='lat' dir='ltr'>possent,</span> <span class='ocrx_word' id='word_1_23' title='bbox 724 515 796 558; x_wconf 91' lang='lat' dir='ltr'>com</span> <span class='ocrx_word' id='word_1_24' title='bbox 820 493 1049 559; x_wconf 86' lang='lat' dir='ltr'>rehenderent:</span> 
     </span>
    </p>

    <p class='ocr_par' dir='ltr' id='par_1_4' title="bbox 19 576 1139 1170">
     <span class='ocr_line' id='line_1_4' title="bbox 20 576 1092 661; baseline 0.002 -21"><span class='ocrx_word' id='word_1_25' title='bbox 20 625 21 630; x_wconf 18' lang='grc' dir='ltr'>η</span> <span class='ocrx_word' id='word_1_26' title='bbox 77 579 201 661; x_wconf 86' lang='lat' dir='ltr'>locum,</span> <span class='ocrx_word' id='word_1_27' title='bbox 222 577 278 641; x_wconf 89' lang='lat' dir='ltr'>ubi</span> <span class='ocrx_word' id='word_1_28' title='bbox 300 580 392 658; x_wconf 84' lang='lat' dir='ltr'>esset,</span> <span class='ocrx_word' id='word_1_29' title='bbox 417 576 511 656; x_wconf 87' lang='lat' dir='ltr'>facile</span> <span class='ocrx_word' id='word_1_30' title='bbox 533 578 731 642; x_wconf 89' lang='lat' dir='ltr'>inventuros.</span> <span class='ocrx_word' id='word_1_31' title='bbox 809 578 941 641; x_wconf 82' lang='lat' dir='ltr'>annibal</span> <span class='ocrx_word' id='word_1_32' title='bbox 963 578 1092 642; x_wconf 81' lang='lat' dir='ltr'>enim·</span> 
     </span>
     <span class='ocr_line' id='line_1_5' title="bbox 78 660 1050 746; baseline -0.001 -21.057"><span class='ocrx_word' id='word_1_33' title='bbox 78 683 149 726; x_wconf 88' lang='lat' dir='ltr'>uno</span> <span class='ocrx_word' id='word_1_34' title='bbox 172 663 244 726; x_wconf 89' lang='lat' dir='ltr'>loco</span> <span class='ocrx_word' id='word_1_35' title='bbox 266 683 300 726; x_wconf 88' lang='lat' dir='ltr'>se</span> <span class='ocrx_word' id='word_1_36' title='bbox 321 661 452 724; x_wconf 87' lang='lat' dir='ltr'>tenebat</span> <span class='ocrx_word' id='word_1_37' title='bbox 473 662 509 724; x_wconf 90' lang='lat' dir='ltr'>in</span> <span class='ocrx_word' id='word_1_38' title='bbox 530 660 671 743; x_wconf 87' lang='lat' dir='ltr'>castello,</span> <span class='ocrx_word' id='word_1_39' title='bbox 693 660 780 743; x_wconf 89' lang='lat' dir='ltr'>quod</span> <span class='ocrx_word' id='word_1_40' title='bbox 802 663 831 724; x_wconf 89' lang='lat' dir='ltr'>ei</span> <span class='ocrx_word' id='word_1_41' title='bbox 858 684 878 726; x_wconf 87' lang='lat' dir='ltr'>a</span> <span class='ocrx_word' id='word_1_42' title='bbox 898 681 974 746; x_wconf 83' lang='lat' dir='ltr'>rege</span> <span class='ocrx_word' id='word_1_43' title='bbox 997 661 1050 724; x_wconf 87' lang='lat' dir='ltr'>da-</span> 
     </span>
     <span class='ocr_line' id='line_1_6' title="bbox 78 743 1139 826; baseline 0.004 -17.789"><span class='ocrx_word' id='word_1_44' title='bbox 78 749 154 808; x_wconf 86' lang='lat' dir='ltr'>tum</span> <span class='ocrx_word' id='word_1_45' title='bbox 182 748 251 809; x_wconf 90' lang='lat' dir='ltr'>erat</span> <span class='ocrx_word' id='word_1_46' title='bbox 277 744 416 826; x_wconf 89' lang='lat' dir='ltr'>muneri,</span> <span class='ocrx_word' id='word_1_47' title='bbox 442 743 537 826; x_wconf 86' lang='lat' dir='ltr'>idque</span> <span class='ocrx_word' id='word_1_48' title='bbox 559 745 605 808; x_wconf 88' lang='lat' dir='ltr'>sic</span> <span class='ocrx_word' id='word_1_49' title='bbox 627 743 818 826; x_wconf 86' lang='lat' dir='ltr'>aedificarat,</span> <span class='ocrx_word' id='word_1_50' title='bbox 840 750 878 810; x_wconf 87' lang='lat' dir='ltr'>ut</span> <span class='ocrx_word' id='word_1_51' title='bbox 898 746 933 809; x_wconf 89' lang='lat' dir='ltr'>in</span> <span class='ocrx_word' id='word_1_52' title='bbox 948 747 1050 809; x_wconf 91' lang='lat' dir='ltr'>omni-</span> <span class='ocrx_word' id='word_1_53' title='bbox 1136 807 1139 812; x_wconf 89' lang='lat'>.</span> 
     </span>
     <span class='ocr_line' id='line_1_7' title="bbox 19 827 1049 914; baseline 0.001 -22"><span class='ocrx_word' id='word_1_54' title='bbox 19 887 21 914; x_wconf 18' lang='grc' dir='ltr'>,ἒ</span> <span class='ocrx_word' id='word_1_55' title='bbox 78 831 145 892; x_wconf 90' lang='lat' dir='ltr'>bus</span> <span class='ocrx_word' id='word_1_56' title='bbox 158 829 304 912; x_wconf 88' lang='lat' dir='ltr'>partibus</span> <span class='ocrx_word' id='word_1_57' title='bbox 320 827 456 892; x_wconf 88' lang='lat' dir='ltr'>aedificii</span> <span class='ocrx_word' id='word_1_58' title='bbox 472 829 575 892; x_wconf 88' lang='lat' dir='ltr'>exitus</span> <span class='ocrx_word' id='word_1_59' title='bbox 589 828 732 911; x_wconf 78' lang='lat' dir='ltr'>haberet,</span> <span class='ocrx_word' id='word_1_60' title='bbox 747 828 869 893; x_wconf 88' lang='lat' dir='ltr'>scilicet</span> <span class='ocrx_word' id='word_1_61' title='bbox 882 850 996 893; x_wconf 84' lang='lat' dir='ltr'>verens</span> <span class='ocrx_word' id='word_1_62' title='bbox 1007 849 1049 894; x_wconf 89' lang='lat' dir='ltr'>ne</span> 
     </span>
     <span class='ocr_line' id='line_1_8' title="bbox 79 911 1079 996; baseline -0.002 -19.113"><span class='ocrx_word' id='word_1_63' title='bbox 79 934 146 977; x_wconf 88' lang='lat' dir='ltr'>usu</span> <span class='ocrx_word' id='word_1_64' title='bbox 161 913 293 994; x_wconf 79' lang='lat' dir='ltr'>veniret,</span> <span class='ocrx_word' id='word_1_65' title='bbox 316 911 405 994; x_wconf 87' lang='lat' dir='ltr'>quod</span> <span class='ocrx_word' id='word_1_66' title='bbox 425 911 548 975; x_wconf 90' lang='lat' dir='ltr'>accidit.</span> <span class='ocrx_word' id='word_1_67' title='bbox 591 912 656 976; x_wconf 90' lang='lat' dir='ltr'>huc</span> <span class='ocrx_word' id='word_1_68' title='bbox 677 933 749 976; x_wconf 92' lang='lat' dir='ltr'>cum</span> <span class='ocrx_word' id='word_1_69' title='bbox 770 913 869 996; x_wconf 87' lang='lat' dir='ltr'>legati</span> <span class='ocrx_word' id='word_1_70' title='bbox 886 911 1079 978; x_wconf 76' lang='lat' dir='ltr'>Romano-4</span> 
     </span>
     <span class='ocr_line' id='line_1_9' title="bbox 79 995 1049 1062; baseline 0.001 -1.942"><span class='ocrx_word' id='word_1_71' title='bbox 79 1019 158 1060; x_wconf 90' lang='lat' dir='ltr'>rum</span> <span class='ocrx_word' id='word_1_72' title='bbox 178 997 341 1059; x_wconf 83' lang='lat' dir='ltr'>venissent</span> <span class='ocrx_word' id='word_1_73' title='bbox 371 1016 408 1058; x_wconf 90' lang='lat' dir='ltr'>ac</span> <span class='ocrx_word' id='word_1_74' title='bbox 437 995 641 1059; x_wconf 85' lang='lat' dir='ltr'>multitudine</span> <span class='ocrx_word' id='word_1_75' title='bbox 670 995 800 1060; x_wconf 92' lang='lat' dir='ltr'>domum</span> <span class='ocrx_word' id='word_1_76' title='bbox 827 997 895 1060; x_wconf 91' lang='lat' dir='ltr'>eius</span> <span class='ocrx_word' id='word_1_77' title='bbox 916 998 1049 1062; x_wconf 91' lang='lat' dir='ltr'>circum-</span> 
     </span>
     <span class='ocr_line' id='line_1_10' title="bbox 19 1079 1050 1170; baseline 0.002 -27"><span class='ocrx_word' id='word_1_78' title='bbox 19 1099 23 1170; x_wconf 47' lang='grc' dir='ltr'><strong>ὲ</strong></span> <span class='ocrx_word' id='word_1_79' title='bbox 79 1080 256 1162; x_wconf 76' lang='lat' dir='ltr'><strong>dedissent,</strong></span> <span class='ocrx_word' id='word_1_80' title='bbox 277 1099 358 1162; x_wconf 89' lang='lat' dir='ltr'>puer</span> <span class='ocrx_word' id='word_1_81' title='bbox 379 1079 420 1142; x_wconf 90' lang='lat' dir='ltr'>ab</span> <span class='ocrx_word' id='word_1_82' title='bbox 442 1079 539 1142; x_wconf 89' lang='lat' dir='ltr'>ianua</span> <span class='ocrx_word' id='word_1_83' title='bbox 558 1080 756 1163; x_wconf 80' lang='lat' dir='ltr'>prospiciens</span> <span class='ocrx_word' id='word_1_84' title='bbox 770 1079 947 1144; x_wconf 72' lang='lat' dir='ltr'>Hannibali</span> <span class='ocrx_word' id='word_1_85' title='bbox 969 1080 1050 1145; x_wconf 83' lang='lat' dir='ltr'>dixit</span> 
     </span>
    </p>

    <p class='ocr_par' dir='ltr' id='par_1_5' title="bbox 19 1162 1079 1749">
     <span class='ocr_line' id='line_1_11' title="bbox 19 1162 1049 1296; baseline 0.002 -70"><span class='ocrx_word' id='word_1_86' title='bbox 19 1171 25 1296; x_wconf 62' lang='lat' dir='ltr'>&#39;q</span> <span class='ocrx_word' id='word_1_87' title='bbox 79 1165 193 1248; x_wconf 81' lang='lat' dir='ltr'>plures</span> <span class='ocrx_word' id='word_1_88' title='bbox 215 1167 343 1246; x_wconf 90' lang='lat' dir='ltr'>praeter</span> <span class='ocrx_word' id='word_1_89' title='bbox 356 1162 619 1227; x_wconf 87' lang='lat' dir='ltr'>consuetudinem</span> <span class='ocrx_word' id='word_1_90' title='bbox 641 1168 780 1228; x_wconf 85' lang='lat' dir='ltr'>armatos</span> <span class='ocrx_word' id='word_1_91' title='bbox 795 1185 956 1247; x_wconf 87' lang='lat' dir='ltr'>apparere.</span> <span class='ocrx_word' id='word_1_92' title='bbox 993 1165 1049 1247; x_wconf 92' lang='lat' dir='ltr'>qui</span> 
     </span>
     <span class='ocr_line' id='line_1_12' title="bbox 19 1246 1050 1344; baseline 0 -32"><span class='ocrx_word' id='word_1_93' title='bbox 19 1297 27 1341; x_wconf 32' lang='grc' dir='ltr'>ἲ</span> <span class='ocrx_word' id='word_1_94' title='bbox 79 1247 321 1344; x_wconf 31' lang='lat' dir='ltr'>imperavit-ci,</span> <span class='ocrx_word' id='word_1_95' title='bbox 349 1250 387 1310; x_wconf 91' lang='lat' dir='ltr'>ut</span> <span class='ocrx_word' id='word_1_96' title='bbox 408 1267 524 1344; x_wconf 80' lang='lat' dir='ltr'>omnes</span> <span class='ocrx_word' id='word_1_97' title='bbox 540 1247 625 1310; x_wconf 86' lang='lat' dir='ltr'>fores</span> <span class='ocrx_word' id='word_1_98' title='bbox 647 1246 783 1312; x_wconf 88' lang='lat' dir='ltr'>aedificii</span> <span class='ocrx_word' id='word_1_99' title='bbox 810 1248 992 1344; x_wconf 78' lang='lat' dir='ltr'>circumiret</span> <span class='ocrx_word' id='word_1_100' title='bbox 1012 1268 1050 1312; x_wconf 85' lang='lat' dir='ltr'>ac</span> 
     </span>
     <span class='ocr_line' id='line_1_13' title="bbox 79 1330 1079 1499; baseline -0.005 -19.283"><span class='ocrx_word' id='word_1_101' title='bbox 79 1331 310 1480; x_wconf 55' lang='lat' dir='ltr'>tractas</span> <span class='ocrx_word' id='word_1_102' title='bbox 331 1333 513 1499; x_wconf 60' lang='lat' dir='ltr'>{iiiiii</span> <span class='ocrx_word' id='word_1_103' title='bbox 533 1330 1079 1498; x_wconf 55' lang='lat' dir='ltr'>titatffttutttjttttt</span> 
     </span>
     <span class='ocr_line' id='line_1_14' title="bbox 20 1498 1050 1581; baseline -0.003 -15"><span class='ocrx_word' id='word_1_104' title='bbox 20 1553 27 1566; x_wconf 73' lang='grc'><strong>,</strong></span> <span class='ocrx_word' id='word_1_105' title='bbox 79 1501 198 1564; x_wconf 76' lang='lat' dir='ltr'>tiasset</span> <span class='ocrx_word' id='word_1_106' title='bbox 219 1518 394 1581; x_wconf 89' lang='lat' dir='ltr'>omnesque</span> <span class='ocrx_word' id='word_1_107' title='bbox 417 1499 520 1562; x_wconf 82' lang='lat' dir='ltr'>exitus</span> <span class='ocrx_word' id='word_1_108' title='bbox 535 1502 706 1581; x_wconf 88' lang='lat' dir='ltr'>occupatos</span> <span class='ocrx_word' id='word_1_109' title='bbox 728 1498 928 1581; x_wconf 73' lang='lat' dir='ltr'>ostendisset,</span> <span class='ocrx_word' id='word_1_110' title='bbox 950 1499 1050 1580; x_wconf 84' lang='lat' dir='ltr'>sensit</span> 
     </span>
     <span class='ocr_line' id='line_1_15' title="bbox 80 1581 1049 1667; baseline -0.002 -19.118"><span class='ocrx_word' id='word_1_111' title='bbox 80 1583 119 1648; x_wconf 92' lang='lat' dir='ltr'>id</span> <span class='ocrx_word' id='word_1_112' title='bbox 140 1605 208 1648; x_wconf 87' lang='lat' dir='ltr'>non</span> <span class='ocrx_word' id='word_1_113' title='bbox 222 1583 358 1648; x_wconf 87' lang='lat' dir='ltr'>fortuito</span> <span class='ocrx_word' id='word_1_114' title='bbox 373 1581 504 1664; x_wconf 85' lang='lat' dir='ltr'>iactum,</span> <span class='ocrx_word' id='word_1_115' title='bbox 526 1581 582 1646; x_wconf 90' lang='lat' dir='ltr'>scd</span> <span class='ocrx_word' id='word_1_116' title='bbox 601 1603 634 1646; x_wconf 88' lang='lat' dir='ltr'>sc</span> <span class='ocrx_word' id='word_1_117' title='bbox 651 1583 720 1666; x_wconf 86' lang='lat' dir='ltr'>peti</span> <span class='ocrx_word' id='word_1_118' title='bbox 734 1604 839 1667; x_wconf 88' lang='lat' dir='ltr'>neque</span> <span class='ocrx_word' id='word_1_119' title='bbox 853 1584 914 1648; x_wconf 84' lang='lat' dir='ltr'>sibi</span> <span class='ocrx_word' id='word_1_120' title='bbox 929 1582 1049 1648; x_wconf 78' lang='lat' dir='ltr'>diutius</span> 
     </span>
     <span class='ocr_line' id='line_1_16' title="bbox 19 1663 1049 1749; baseline -0.001 -17"><span class='ocrx_word' id='word_1_121' title='bbox 19 1663 31 1744; x_wconf 65' lang='grc' dir='ltr'>ζ</span> <span class='ocrx_word' id='word_1_122' title='bbox 80 1669 186 1732; x_wconf 81' lang='lat' dir='ltr'>vitam</span> <span class='ocrx_word' id='word_1_123' title='bbox 209 1688 276 1731; x_wconf 81' lang='lat' dir='ltr'>esse</span> <span class='ocrx_word' id='word_1_124' title='bbox 291 1664 501 1730; x_wconf 76' lang='lat' dir='ltr'>retinendam.</span> <span class='ocrx_word' id='word_1_125' title='bbox 546 1687 641 1749; x_wconf 88' lang='lat' dir='ltr'>quam</span> <span class='ocrx_word' id='word_1_126' title='bbox 663 1688 703 1740; x_wconf 88' lang='lat' dir='ltr'>ne</span> <span class='ocrx_word' id='word_1_127' title='bbox 725 1667 831 1731; x_wconf 84' lang='lat' dir='ltr'>alieno</span> <span class='ocrx_word' id='word_1_128' title='bbox 848 1667 981 1731; x_wconf 88' lang='lat' dir='ltr'>arbitrio</span> <span class='ocrx_word' id='word_1_129' title='bbox 1003 1666 1049 1731; x_wconf 93' lang='lat' dir='ltr'>di·</span> 
     </span>
    </p>

    <p class='ocr_par' dir='ltr' id='par_1_6' title="bbox 19 1750 1048 1920">
     <span class='ocr_line' id='line_1_17' title="bbox 19 1750 1048 1833; baseline -0.002 -17"><span class='ocrx_word' id='word_1_130' title='bbox 19 1755 26 1763; x_wconf 81' lang='grc'><strong><em>”</em></strong></span> <span class='ocrx_word' id='word_1_131' title='bbox 79 1752 237 1833; x_wconf 81' lang='lat' dir='ltr'>mitteret,</span> <span class='ocrx_word' id='word_1_132' title='bbox 252 1772 375 1815; x_wconf 89' lang='lat' dir='ltr'>memor</span> <span class='ocrx_word' id='word_1_133' title='bbox 389 1750 596 1833; x_wconf 87' lang='lat' dir='ltr'>pristinarum</span> <span class='ocrx_word' id='word_1_134' title='bbox 610 1751 766 1814; x_wconf 87' lang='lat' dir='ltr'>virtutum</span> <span class='ocrx_word' id='word_1_135' title='bbox 781 1772 949 1833; x_wconf 86' lang='lat' dir='ltr'>venenum,</span> <span class='ocrx_word' id='word_1_136' title='bbox 961 1750 1048 1833; x_wconf 90' lang='lat' dir='ltr'>quod</span> 
     </span>
     <span class='ocr_line' id='line_1_18' title="bbox 80 1834 853 1920; baseline -0.001 -20"><span class='ocrx_word' id='word_1_137' title='bbox 80 1856 212 1920; x_wconf 86' lang='lat' dir='ltr'>semper</span> <span class='ocrx_word' id='word_1_138' title='bbox 233 1856 339 1899; x_wconf 87' lang='lat' dir='ltr'>secum</span> <span class='ocrx_word' id='word_1_139' title='bbox 360 1834 479 1898; x_wconf 89' lang='lat' dir='ltr'>habere</span> <span class='ocrx_word' id='word_1_140' title='bbox 501 1837 679 1917; x_wconf 82' lang='lat' dir='ltr'>consuerat,</span> <span class='ocrx_word' id='word_1_141' title='bbox 701 1834 853 1917; x_wconf 80' lang='lat' dir='ltr'>sumpsit¹</span> 
     </span>
    </p>
   </div>
   <div class='ocr_carea' id='block_1_3' title="bbox 19 1893 29 1914">
    <p class='ocr_par' dir='ltr' id='par_1_7' title="bbox 19 1893 29 1914">
     <span class='ocr_line' id='line_1_19' title="bbox 19 1893 29 1914; baseline 0 0"><span class='ocrx_word' id='word_1_142' title='bbox 19 1893 29 1914; x_wconf 67' lang='lat' dir='ltr'>lv</span> 
     </span>
    </p>
   </div>
   <div class='ocr_carea' id='block_1_4' title="bbox 19 1916 1100 2086">
    <p class='ocr_par' dir='ltr' id='par_1_8' title="bbox 19 1887 1100 2086">
     <span class='ocr_line' id='line_1_20' title="bbox 19 1916 1100 2016; baseline -0.006 -28"><span class='ocrx_word' id='word_1_143' title='bbox 19 1973 36 2016; x_wconf 52' lang='lat' dir='ltr'>p</span> <span class='ocrx_word' id='word_1_144' title='bbox 170 1917 223 1984; x_wconf 83' lang='lat' dir='ltr'>Sic</span> <span class='ocrx_word' id='word_1_145' title='bbox 245 1919 295 1982; x_wconf 81' lang='lat' dir='ltr'>vir</span> <span class='ocrx_word' id='word_1_146' title='bbox 318 1918 526 2000; x_wconf 88' lang='lat' dir='ltr'>fortissimus,</span> <span class='ocrx_word' id='word_1_147' title='bbox 548 1918 657 1981; x_wconf 88' lang='lat' dir='ltr'>multis</span> <span class='ocrx_word' id='word_1_148' title='bbox 679 1918 839 2000; x_wconf 84' lang='lat' dir='ltr'>variisque</span> <span class='ocrx_word' id='word_1_149' title='bbox 859 1916 1100 2001; x_wconf 82' lang='lat' dir='ltr'>perfunctus13</span> 
     </span>
     <span class='ocr_line' id='line_1_21' title="bbox 19 2002 1049 2086; baseline -0.006 -15"><span class='ocrx_word' id='word_1_150' title='bbox 19 2002 36 2082; x_wconf 59' lang='lat'>57*</span> <span class='ocrx_word' id='word_1_151' title='bbox 79 2002 259 2086; x_wconf 87' lang='lat' dir='ltr'>laboribus,</span> <span class='ocrx_word' id='word_1_152' title='bbox 282 2023 368 2066; x_wconf 88' lang='lat' dir='ltr'>anno</span> <span class='ocrx_word' id='word_1_153' title='bbox 387 2002 548 2085; x_wconf 84' lang='lat' dir='ltr'>acquievit</span> <span class='ocrx_word' id='word_1_154' title='bbox 561 2003 805 2086; x_wconf 82' lang='lat' dir='ltr'>septuagesimo.</span> <span class='ocrx_word' id='word_1_155' title='bbox 843 2003 958 2086; x_wconf 87' lang='lat' dir='ltr'>quibus</span> <span class='ocrx_word' id='word_1_156' title='bbox 974 2022 1049 2066; x_wconf 90' lang='lat' dir='ltr'>con·</span> 
     </span>
    </p>
   </div>
   <div class='ocr_carea' id='block_1_5' title="bbox 19 2167 1127 2651">
    <p class='ocr_par' dir='ltr' id='par_1_9' title="bbox 19 2167 1127 2651">
     <span class='ocr_line' id='line_1_22' title="bbox 79 2167 1127 2251; baseline 0 -17"><span class='ocrx_word' id='word_1_157' title='bbox 79 2169 130 2234; x_wconf 91' lang='lat' dir='ltr'>M.</span> <span class='ocrx_word' id='word_1_158' title='bbox 159 2169 293 2235; x_wconf 78' lang='lat' dir='ltr'>Claudio</span> <span class='ocrx_word' id='word_1_159' title='bbox 321 2169 473 2234; x_wconf 89' lang='lat' dir='ltr'>Marcello</span> <span class='ocrx_word' id='word_1_160' title='bbox 502 2167 538 2243; x_wconf 83' lang='lat' dir='ltr'>Q.</span> <span class='ocrx_word' id='word_1_161' title='bbox 561 2169 662 2234; x_wconf 85' lang='lat' dir='ltr'>Fabio</span> <span class='ocrx_word' id='word_1_162' title='bbox 689 2168 839 2234; x_wconf 86' lang='lat' dir='ltr'>Labeone</span> <span class='ocrx_word' id='word_1_163' title='bbox 863 2170 1049 2234; x_wconf 86' lang='lat' dir='ltr'>consulibus</span> <span class='ocrx_word' id='word_1_164' title='bbox 1125 2248 1127 2251; x_wconf 82' lang='lat'>.</span> 
     </span>
     <span class='ocr_line' id='line_1_23' title="bbox 37 2253 1049 2338; baseline -0.001 -19"><span class='ocrx_word' id='word_1_165' title='bbox 37 2300 44 2331; x_wconf 52' lang='lat'><em>2</em></span> <span class='ocrx_word' id='word_1_166' title='bbox 79 2259 248 2319; x_wconf 91' lang='lat' dir='ltr'>mortuum</span> <span class='ocrx_word' id='word_1_167' title='bbox 274 2255 311 2318; x_wconf 90' lang='lat' dir='ltr'>in</span> <span class='ocrx_word' id='word_1_168' title='bbox 332 2253 442 2318; x_wconf 87' lang='lat' dir='ltr'>annali</span> <span class='ocrx_word' id='word_1_169' title='bbox 464 2274 521 2316; x_wconf 91' lang='lat' dir='ltr'>suo</span> <span class='ocrx_word' id='word_1_170' title='bbox 550 2254 704 2336; x_wconf 88' lang='lat' dir='ltr'>scriptum</span> <span class='ocrx_word' id='word_1_171' title='bbox 730 2255 875 2337; x_wconf 83' lang='lat' dir='ltr'>reliquit,</span> <span class='ocrx_word' id='word_1_172' title='bbox 898 2259 932 2318; x_wconf 82' lang='lat' dir='ltr'>st</span> <span class='ocrx_word' id='word_1_173' title='bbox 953 2253 1049 2338; x_wconf 89' lang='lat' dir='ltr'>Poly·</span> 
     </span>
     <span class='ocr_line' id='line_1_24' title="bbox 19 2309 1049 2448; baseline 0.001 -47"><span class='ocrx_word' id='word_1_174' title='bbox 19 2309 40 2448; x_wconf 50' lang='lat' dir='ltr'>q</span> <span class='ocrx_word' id='word_1_175' title='bbox 79 2337 158 2401; x_wconf 70' lang='lat' dir='ltr'>uiua</span> <span class='ocrx_word' id='word_1_176' title='bbox 179 2337 216 2401; x_wconf 81' lang='lat' dir='ltr'>c.</span> <span class='ocrx_word' id='word_1_177' title='bbox 231 2337 370 2402; x_wconf 65' lang='lat' dir='ltr'>namsia</span> <span class='ocrx_word' id='word_1_178' title='bbox 392 2337 494 2400; x_wconf 75' lang='lat' dir='ltr'>Paulo</span> <span class='ocrx_word' id='word_1_179' title='bbox 515 2335 573 2401; x_wconf 78' lang='lat' dir='ltr'>cn.</span> <span class='ocrx_word' id='word_1_180' title='bbox 596 2337 718 2401; x_wconf 72' lang='lat' dir='ltr'>Baebio</span> <span class='ocrx_word' id='word_1_181' title='bbox 739 2337 921 2422; x_wconf 72' lang='lat' dir='ltr'>campano,</span> <span class='ocrx_word' id='word_1_182' title='bbox 944 2337 1049 2420; x_wconf 82' lang='lat' dir='ltr'>Sulpi-</span> 
     </span>
     <span class='ocr_line' id='line_1_25' title="bbox 19 2419 1046 2519; baseline 0.001 -35"><span class='ocrx_word' id='word_1_183' title='bbox 19 2462 41 2519; x_wconf 46' lang='grc' dir='ltr'>ᾖ,</span> <span class='ocrx_word' id='word_1_184' title='bbox 81 2421 154 2485; x_wconf 87' lang='lat' dir='ltr'>cius</span> <span class='ocrx_word' id='word_1_185' title='bbox 175 2424 282 2484; x_wconf 86' lang='lat' dir='ltr'>autem</span> <span class='ocrx_word' id='word_1_186' title='bbox 305 2420 415 2485; x_wconf 90' lang='lat' dir='ltr'>Blitho</span> <span class='ocrx_word' id='word_1_187' title='bbox 442 2420 479 2484; x_wconf 88' lang='lat' dir='ltr'>P.</span> <span class='ocrx_word' id='word_1_188' title='bbox 502 2419 652 2485; x_wconf 82' lang='lat' dir='ltr'>Cornelio</span> <span class='ocrx_word' id='word_1_189' title='bbox 682 2419 824 2504; x_wconf 81' lang='lat' dir='ltr'>Cethego</span> <span class='ocrx_word' id='word_1_190' title='bbox 857 2420 901 2484; x_wconf 87' lang='lat' dir='ltr'>M.</span> <span class='ocrx_word' id='word_1_191' title='bbox 924 2421 1046 2486; x_wconf 83' lang='lat' dir='ltr'>Baebio</span> 
     </span>
     <span class='ocr_line' id='line_1_26' title="bbox 19 2501 1077 2651; baseline -0.003 -84"><span class='ocrx_word' id='word_1_192' title='bbox 19 2558 38 2602; x_wconf 55' lang='lat' dir='ltr'><strong>m</strong></span> <span class='ocrx_word' id='word_1_193' title='bbox 81 2503 267 2586; x_wconf 80' lang='lat' dir='ltr'>Tamphilo.</span> <span class='ocrx_word' id='word_1_194' title='bbox 322 2509 417 2651; x_wconf 63' lang='lat' dir='ltr'>atqpie</span> <span class='ocrx_word' id='word_1_195' title='bbox 449 2504 503 2568; x_wconf 92' lang='lat' dir='ltr'>hic</span> <span class='ocrx_word' id='word_1_196' title='bbox 537 2508 645 2568; x_wconf 85' lang='lat' dir='ltr'>tantus</span> <span class='ocrx_word' id='word_1_197' title='bbox 678 2504 727 2566; x_wconf 83' lang='lat' dir='ltr'>vir</span> <span class='ocrx_word' id='word_1_198' title='bbox 759 2504 921 2588; x_wconf 82' lang='lat' dir='ltr'>tantisque</span> <span class='ocrx_word' id='word_1_199' title='bbox 954 2505 1047 2569; x_wconf 88' lang='lat' dir='ltr'>bellis</span> <span class='ocrx_word' id='word_1_200' title='bbox 1058 2501 1077 2564; x_wconf 74' lang='lat'>‘2</span> 
     </span>
    </p>
   </div>
   <div class='ocr_carea' id='block_1_6' title="bbox 19 2015 1048 2295">
    <p class='ocr_par' dir='ltr' id='par_1_10' title="bbox 19 2015 1048 2295">
     <span class='ocr_line' id='line_1_27' title="bbox 19 2015 1048 2295; baseline 0.006 -145"><span class='ocrx_word' id='word_1_201' title='bbox 19 2015 44 2295; x_wconf 49' lang='grc' dir='ltr'>Ξ</span> <span class='ocrx_word' id='word_1_202' title='bbox 79 2087 209 2152; x_wconf 84' lang='lat' dir='ltr'>solibus</span> <span class='ocrx_word' id='word_1_203' title='bbox 235 2086 410 2168; x_wconf 86' lang='lat' dir='ltr'>interierit,</span> <span class='ocrx_word' id='word_1_204' title='bbox 437 2107 505 2150; x_wconf 90' lang='lat' dir='ltr'>non</span> <span class='ocrx_word' id='word_1_205' title='bbox 533 2085 696 2165; x_wconf 74' lang='lat' dir='ltr'>convenit,</span> <span class='ocrx_word' id='word_1_206' title='bbox 747 2107 887 2169; x_wconf 85' lang='lat' dir='ltr'>namque</span> <span class='ocrx_word' id='word_1_207' title='bbox 920 2086 1048 2150; x_wconf 73' lang='lat' dir='ltr'>Atticus</span> 
     </span>
    </p>
   </div>
   <div class='ocr_carea' id='block_1_7' title="bbox 19 2587 1142 3278">
    <p class='ocr_par' dir='ltr' id='par_1_11' title="bbox 19 2587 1142 3278">
     <span class='ocr_line' id='line_1_28' title="bbox 83 2587 1048 2672; baseline 0.005 -23"><span class='ocrx_word' id='word_1_208' title='bbox 83 2587 249 2651; x_wconf 88' lang='lat' dir='ltr'>districtus</span> <span class='ocrx_word' id='word_1_209' title='bbox 269 2609 371 2653; x_wconf 88' lang='lat' dir='ltr'>nonm</span> <span class='ocrx_word' id='word_1_210' title='bbox 407 2588 595 2670; x_wconf 87' lang='lat' dir='ltr'>ltemporis</span> <span class='ocrx_word' id='word_1_211' title='bbox 612 2588 726 2652; x_wconf 86' lang='lat' dir='ltr'>tribuit</span> <span class='ocrx_word' id='word_1_212' title='bbox 746 2588 871 2652; x_wconf 83' lang='lat' dir='ltr'>litteris</span> <span class='ocrx_word' id='word_1_213' title='bbox 909 2608 1048 2672; x_wconf 89' lang='lat' dir='ltr'>namque</span> 
     </span>
     <span class='ocr_line' id='line_1_29' title="bbox 80 2670 1048 2756; baseline 0.004 -22"><span class='ocrx_word' id='word_1_214' title='bbox 80 2670 210 2753; x_wconf 88' lang='lat' dir='ltr'>aliquot</span> <span class='ocrx_word' id='word_1_215' title='bbox 231 2671 299 2736; x_wconf 89' lang='lat' dir='ltr'>eius</span> <span class='ocrx_word' id='word_1_216' title='bbox 320 2673 395 2736; x_wconf 89' lang='lat' dir='ltr'>libri</span> <span class='ocrx_word' id='word_1_217' title='bbox 416 2675 506 2754; x_wconf 87' lang='lat' dir='ltr'>sunt,</span> <span class='ocrx_word' id='word_1_218' title='bbox 530 2671 652 2736; x_wconf 82' lang='lat' dir='ltr'>Gracco</span> <span class='ocrx_word' id='word_1_219' title='bbox 675 2693 821 2736; x_wconf 84' lang='lat' dir='ltr'>sermone</span> <span class='ocrx_word' id='word_1_220' title='bbox 843 2672 990 2756; x_wconf 87' lang='lat' dir='ltr'>confecti,</span> <span class='ocrx_word' id='word_1_221' title='bbox 1013 2674 1048 2738; x_wconf 91' lang='lat' dir='ltr'>in</span> 
     </span>
     <span class='ocr_line' id='line_1_30' title="bbox 26 2751 1048 2850; baseline 0.005 -34"><span class='ocrx_word' id='word_1_222' title='bbox 26 2789 47 2850; x_wconf 60' lang='lat' dir='ltr'>q·</span> <span class='ocrx_word' id='word_1_223' title='bbox 79 2755 124 2818; x_wconf 87' lang='lat' dir='ltr'>iis</span> <span class='ocrx_word' id='word_1_224' title='bbox 147 2751 187 2816; x_wconf 91' lang='lat' dir='ltr'>ad</span> <span class='ocrx_word' id='word_1_225' title='bbox 209 2752 353 2820; x_wconf 86' lang='lat' dir='ltr'>Rhodios</span> <span class='ocrx_word' id='word_1_226' title='bbox 380 2754 419 2819; x_wconf 89' lang='lat' dir='ltr'>de</span> <span class='ocrx_word' id='word_1_227' title='bbox 442 2754 500 2822; x_wconf 82' lang='lat' dir='ltr'>On.</span> <span class='ocrx_word' id='word_1_228' title='bbox 523 2755 638 2818; x_wconf 86' lang='lat' dir='ltr'>Manlii</span> <span class='ocrx_word' id='word_1_229' title='bbox 660 2754 814 2821; x_wconf 85' lang='lat' dir='ltr'>Vulsonis</span> <span class='ocrx_word' id='word_1_230' title='bbox 841 2757 876 2820; x_wconf 92' lang='lat' dir='ltr'>in</span> <span class='ocrx_word' id='word_1_231' title='bbox 901 2758 980 2820; x_wconf 89' lang='lat' dir='ltr'>Asia</span> <span class='ocrx_word' id='word_1_232' title='bbox 1000 2778 1048 2821; x_wconf 92' lang='lat' dir='ltr'>re·</span> 
     </span>
     <span class='ocr_line' id='line_1_31' title="bbox 19 2806 1142 3271; baseline -0.001 -366"><span class='ocrx_word' id='word_1_233' title='bbox 19 2806 49 3271; x_wconf 47' lang='grc' dir='ltr'>ὲ]</span> <span class='ocrx_word' id='word_1_234' title='bbox 79 2839 145 2905; x_wconf 87' lang='lat' dir='ltr'>bus</span> <span class='ocrx_word' id='word_1_235' title='bbox 168 2839 276 2920; x_wconf 81' lang='lat' dir='ltr'>gestis.</span> <span class='ocrx_word' id='word_1_236' title='bbox 319 2839 415 2902; x_wconf 87' lang='lat' dir='ltr'>huius</span> <span class='ocrx_word' id='word_1_237' title='bbox 435 2840 513 2902; x_wconf 91' lang='lat' dir='ltr'>belli</span> <span class='ocrx_word' id='word_1_238' title='bbox 540 2844 630 2924; x_wconf 78' lang='lat' dir='ltr'>gesta</span> <span class='ocrx_word' id='word_1_239' title='bbox 658 2841 752 2905; x_wconf 89' lang='lat' dir='ltr'>multi</span> <span class='ocrx_word' id='word_1_240' title='bbox 780 2841 952 2904; x_wconf 87' lang='lat' dir='ltr'>memoriae</span> <span class='ocrx_word' id='word_1_241' title='bbox 973 2851 1078 2924; x_wconf 74' lang='lat' dir='ltr'>pro-⁸</span> <span class='ocrx_word' id='word_1_242' title='bbox 1139 2899 1142 2904; x_wconf 87' lang='lat'><em>.</em></span> 
     </span>
     <span class='ocr_line' id='line_1_32' title="bbox 19 3235 33 3278; baseline 0 0"><span class='ocrx_word' id='word_1_243' title='bbox 19 3235 33 3278; x_wconf 88' lang='lat' dir='ltr'>n</span> 
     </span>
    </p>
   </div>
   <div class='ocr_carea' id='block_1_8' title="bbox 19 2621 41 2684">
    <p class='ocr_par' dir='ltr' id='par_1_12' title="bbox 19 2621 41 2684">
     <span class='ocr_line' id='line_1_33' title="bbox 19 2621 41 2684; baseline -0.045 0"><span class='ocrx_word' id='word_1_244' title='bbox 19 2621 41 2684; x_wconf 83' lang='lat' dir='ltr'>lc·</span> 
     </span>
    </p>
   </div>
   <div class='ocr_carea' id='block_1_9' title="bbox 19 2921 1084 3809">
    <p class='ocr_par' dir='ltr' id='par_1_13' title="bbox 19 2921 1084 3809">
     <span class='ocr_line' id='line_1_34' title="bbox 19 2921 1047 3025; baseline 0.004 -41"><span class='ocrx_word' id='word_1_245' title='bbox 19 2979 35 3025; x_wconf 82' lang='lat' dir='ltr'>a</span> <span class='ocrx_word' id='word_1_246' title='bbox 80 2921 250 3003; x_wconf 88' lang='lat' dir='ltr'>didarunt‚</span> <span class='ocrx_word' id='word_1_247' title='bbox 273 2921 328 2984; x_wconf 83' lang='lat' dir='ltr'>sed</span> <span class='ocrx_word' id='word_1_248' title='bbox 350 2922 461 2985; x_wconf 84' lang='lat' dir='ltr'>erbis</span> <span class='ocrx_word' id='word_1_249' title='bbox 482 2922 555 3004; x_wconf 87' lang='lat' dir='ltr'>duo,</span> <span class='ocrx_word' id='word_1_250' title='bbox 578 2924 634 3005; x_wconf 88' lang='lat' dir='ltr'>qui</span> <span class='ocrx_word' id='word_1_251' title='bbox 656 2945 729 2988; x_wconf 90' lang='lat' dir='ltr'>cum</span> <span class='ocrx_word' id='word_1_252' title='bbox 744 2945 781 2988; x_wconf 89' lang='lat' dir='ltr'>co</span> <span class='ocrx_word' id='word_1_253' title='bbox 796 2926 832 2988; x_wconf 90' lang='lat' dir='ltr'>in</span> <span class='ocrx_word' id='word_1_254' title='bbox 854 2925 964 2987; x_wconf 85' lang='lat' dir='ltr'>castris</span> <span class='ocrx_word' id='word_1_255' title='bbox 979 2924 1047 2988; x_wconf 86' lang='lat' dir='ltr'>fue-</span> 
     </span>
     <span class='ocr_line' id='line_1_35' title="bbox 79 3004 1046 3092; baseline 0.002 -22"><span class='ocrx_word' id='word_1_256' title='bbox 79 3007 161 3070; x_wconf 89' lang='lat' dir='ltr'>runt</span> <span class='ocrx_word' id='word_1_257' title='bbox 182 3004 277 3068; x_wconf 87' lang='lat' dir='ltr'>simul</span> <span class='ocrx_word' id='word_1_258' title='bbox 301 3026 341 3070; x_wconf 91' lang='lat' dir='ltr'>ue</span> <span class='ocrx_word' id='word_1_259' title='bbox 363 3005 513 3070; x_wconf 81' lang='lat' dir='ltr'>vixerunt</span> <span class='ocrx_word' id='word_1_260' title='bbox 547 3007 699 3090; x_wconf 86' lang='lat' dir='ltr'>quamdiu</span> <span class='ocrx_word' id='word_1_261' title='bbox 720 3009 852 3072; x_wconf 87' lang='lat' dir='ltr'>fortuna</span> <span class='ocrx_word' id='word_1_262' title='bbox 872 3028 966 3090; x_wconf 87' lang='lat' dir='ltr'>passa</span> <span class='ocrx_word' id='word_1_263' title='bbox 988 3011 1046 3092; x_wconf 86' lang='lat' dir='ltr'>cst,</span> 
     </span>
     <span class='ocr_line' id='line_1_36' title="bbox 38 3027 1046 3185; baseline 0.004 -32"><span class='ocrx_word' id='word_1_264' title='bbox 38 3125 41 3135; x_wconf 90' lang='lat'>·</span> <span class='ocrx_word' id='word_1_265' title='bbox 80 3089 212 3185; x_wconf 82' lang='lat' dir='ltr'>Silenus</span> <span class='ocrx_word' id='word_1_266' title='bbox 233 3093 266 3152; x_wconf 90' lang='lat' dir='ltr'>et</span> <span class='ocrx_word' id='word_1_267' title='bbox 279 3027 403 3185; x_wconf 60' lang='lat' dir='ltr'>goellus</span> <span class='ocrx_word' id='word_1_268' title='bbox 417 3057 697 3155; x_wconf 87' lang='lat' dir='ltr'>Lacedaemonius.</span> <span class='ocrx_word' id='word_1_269' title='bbox 740 3094 835 3175; x_wconf 87' lang='lat' dir='ltr'>atque</span> <span class='ocrx_word' id='word_1_270' title='bbox 857 3091 919 3155; x_wconf 91' lang='lat' dir='ltr'>hoc</span> <span class='ocrx_word' id='word_1_271' title='bbox 942 3090 1046 3157; x_wconf 86' lang='lat' dir='ltr'>Sosilo</span> 
     </span>
     <span class='ocr_line' id='line_1_37' title="bbox 80 3171 992 3240; baseline 0.007 -6"><span class='ocrx_word' id='word_1_272' title='bbox 80 3171 248 3235; x_wconf 85' lang='lat' dir='ltr'>Hanmbal</span> <span class='ocrx_word' id='word_1_273' title='bbox 269 3171 447 3236; x_wconf 80' lang='lat' dir='ltr'>litterarum</span> <span class='ocrx_word' id='word_1_274' title='bbox 470 3174 663 3238; x_wconf 85' lang='lat' dir='ltr'>Graecarum</span> <span class='ocrx_word' id='word_1_275' title='bbox 685 3197 761 3239; x_wconf 86' lang='lat' dir='ltr'>usus</span> <span class='ocrx_word' id='word_1_276' title='bbox 783 3179 832 3238; x_wconf 84' lang='lat' dir='ltr'>est</span> <span class='ocrx_word' id='word_1_277' title='bbox 853 3174 992 3240; x_wconf 88' lang='lat' dir='ltr'>doctore.</span> 
     </span>
     <span class='ocr_line' id='line_1_38' title="bbox 167 3253 1084 3339; baseline 0.003 -20"><span class='ocrx_word' id='word_1_278' title='bbox 167 3253 230 3319; x_wconf 84' lang='lat' dir='ltr'>Sed</span> <span class='ocrx_word' id='word_1_279' title='bbox 251 3277 311 3319; x_wconf 91' lang='lat' dir='ltr'>nos</span> <span class='ocrx_word' id='word_1_280' title='bbox 333 3260 460 3339; x_wconf 87' lang='lat' dir='ltr'>tempus</span> <span class='ocrx_word' id='word_1_281' title='bbox 482 3262 531 3321; x_wconf 88' lang='lat' dir='ltr'>est</span> <span class='ocrx_word' id='word_1_282' title='bbox 550 3258 646 3323; x_wconf 87' lang='lat' dir='ltr'>huius</span> <span class='ocrx_word' id='word_1_283' title='bbox 668 3259 742 3323; x_wconf 90' lang='lat' dir='ltr'>libri</span> <span class='ocrx_word' id='word_1_284' title='bbox 764 3259 867 3322; x_wconf 86' lang='lat' dir='ltr'>facere</span> <span class='ocrx_word' id='word_1_285' title='bbox 894 3261 991 3324; x_wconf 87' lang='lat' dir='ltr'>finem</span> <span class='ocrx_word' id='word_1_286' title='bbox 1014 3263 1046 3325; x_wconf 91' lang='lat' dir='ltr'>et</span> <span class='ocrx_word' id='word_1_287' title='bbox 1060 3271 1084 3322; x_wconf 69' lang='lat' dir='ltr'>t</span> 
     </span>
     <span class='ocr_line' id='line_1_39' title="bbox 19 3322 1047 3438; baseline 0.005 -37"><span class='ocrx_word' id='word_1_288' title='bbox 19 3322 24 3428; x_wconf 54' lang='lat' dir='ltr'>f</span> <span class='ocrx_word' id='word_1_289' title='bbox 81 3337 303 3403; x_wconf 84' lang='lat' dir='ltr'>Romanorum</span> <span class='ocrx_word' id='word_1_290' title='bbox 325 3340 484 3423; x_wconf 87' lang='lat' dir='ltr'>explicare</span> <span class='ocrx_word' id='word_1_291' title='bbox 504 3341 722 3438; x_wconf 85' lang='lat' dir='ltr'>imperatores,</span> <span class='ocrx_word' id='word_1_292' title='bbox 749 3364 812 3426; x_wconf 87' lang='lat' dir='ltr'>quo</span> <span class='ocrx_word' id='word_1_293' title='bbox 835 3342 961 3408; x_wconf 84' lang='lat' dir='ltr'>facilius</span> <span class='ocrx_word' id='word_1_294' title='bbox 983 3345 1047 3407; x_wconf 91' lang='lat' dir='ltr'>col·</span> 
     </span>
     <span class='ocr_line' id='line_1_40' title="bbox 19 3422 1048 3529; baseline 0.009 -46"><span class='ocrx_word' id='word_1_295' title='bbox 19 3432 35 3529; x_wconf 42' lang='lat' dir='ltr'>‘si</span> <span class='ocrx_word' id='word_1_296' title='bbox 80 3422 156 3486; x_wconf 85' lang='lat' dir='ltr'>latis</span> <span class='ocrx_word' id='word_1_297' title='bbox 170 3427 381 3520; x_wconf 70' lang='lat' dir='ltr'>utrorumque</span> <span class='ocrx_word' id='word_1_298' title='bbox 392 3423 495 3507; x_wconf 87' lang='lat' dir='ltr'>factis,</span> <span class='ocrx_word' id='word_1_299' title='bbox 507 3427 632 3508; x_wconf 73' lang='lat' dir='ltr'>quiviri</span> <span class='ocrx_word' id='word_1_300' title='bbox 643 3424 844 3510; x_wconf 87' lang='lat' dir='ltr'>praeferendi</span> <span class='ocrx_word' id='word_1_301' title='bbox 859 3429 933 3510; x_wconf 84' lang='lat' dir='ltr'>sint,</span> <span class='ocrx_word' id='word_1_302' title='bbox 944 3427 1048 3509; x_wconf 85' lang='lat' dir='ltr'>possit</span> 
     </span>
     <span class='ocr_line' id='line_1_41' title="bbox 20 3505 841 3660; baseline 0.007 -14"><span class='ocrx_word' id='word_1_303' title='bbox 20 3553 47 3631; x_wconf 72' lang='grc' dir='ltr'>ΙΙ</span> <span class='ocrx_word' id='word_1_304' title='bbox 80 3505 264 3648; x_wconf 52' lang='grc' dir='ltr'>ωᾶἐξῗπῖωι</span> <span class='ocrx_word' id='word_1_305' title='bbox 278 3609 362 3649; x_wconf 71' lang='lat' dir='ltr'>Nasos.</span> <span class='ocrx_word' id='word_1_306' title='bbox 825 3615 841 3660; x_wconf 76' lang='grc'><strong>7</strong></span> 
     </span>
     <span class='ocr_line' id='line_1_42' title="bbox 42 3762 47 3809; baseline 0 0"><span class='ocrx_word' id='word_1_307' title='bbox 42 3762 47 3809; x_wconf 92' lang='lat' dir='ltr'>l</span> 
     </span>
    </p>
   </div>
   <div class='ocr_carea' id='block_1_10' title="bbox 0 0 1235 3884">
    <p class='ocr_par' dir='ltr' id='par_1_14' title="bbox 0 0 1235 3884">
     <span class='ocr_line' id='line_1_43' title="bbox 0 0 1235 3884; baseline 0 0"><span class='ocrx_word' id='word_1_308' title='bbox 0 0 1235 3884; x_wconf 95' lang='lat' dir='ltr'> </span> 
     </span>
    </p>
   </div>
  </div>
 </body>
</html>
