2456 3884
157 249 197 312 14
430 260 469 310 11.
501 259 776 310 rnnmsrocnns.
800 255 840 307 ro.
975 251 977 256 ’

156 397 283 482 magnis
309 397 495 462 muneribus
520 396 561 459 ab
589 397 765 460 Artaxerxe
788 393 925 460 donatus
952 395 987 460 in
1008 398 1121 464 Asiam
1159 437 1172 460 ι
1226 410 1227 417 ’

125 481 252 550 tradiit
272 479 531 562 domiciliumque
546 477 581 542 M
647 479 730 544 osiae
745 480 806 544 sibi
822 480 999 546 constituit.
1032 503 1121 546 nam-

156 587 218 650 que
239 566 325 630 hanc
343 564 456 628 urbem
478 563 508 635 ei
529 584 585 628 rex
622 567 750 642 onerat,
778 563 830 627 his
853 563 983 647 quidem
1004 567 1121 649 verbis,

156 659 236 734 quae
257 649 287 712 ei
309 669 426 732 panem
447 647 615 732 praeberet
642 648 695 732 (ex

154 755 240 819 gena
258 731 380 798 talenta
395 733 569 816 quotannis
583 669 755 816 redibanlb,
776 731 988 815 Lampsacum
1003 737 1121 818 autem,

153 817 239 966 fficio
266 818 378 881 vinum
411 821 565 899 sumeret,
598 815 748 900 Myunta,
781 837 821 880 ex
854 837 918 900 qua
950 818 1120 882 obsonium
1170 873 1174 876 .

220 905 297 966 eret.
783 921 791 934 ·
865 947 867 952 -

238 985 344 1050 Huius
365 985 407 1050 ad
426 989 571 1050 nostram
593 984 780 1048 memoriam
802 990 1012 1050 monumenta
1031 1008 1121 1050 man-

104 1103 115 1116 *
155 1074 267 1135 serunt
289 1069 368 1133 duo:
392 1069 596 1152 sepulchrum
618 1089 718 1151 prope
741 1069 905 1152 oppidum,
927 1070 1048 1155 inquo
1071 1074 1121 1134 est

125 1154 309 1238 ⁴sepultus,
332 1154 438 1217 statua
458 1153 494 1217 in
513 1152 585 1218 foro
607 1151 801 1236 Magnesiae.
845 1153 883 1217 de
906 1153 994 1218 cuius
1015 1159 1121 1218 morte

154 1239 264 1303 multis
286 1235 390 1301 modis
416 1236 501 1320 apud
544 1237 628 1300 leros
651 1257 691 1300 uc
712 1238 868 1320 scriptum
889 1241 954 1321 est,
982 1237 1037 1301 sed
1057 1259 1120 1302 nos

155 1323 291 1387 eundem
305 1321 508 1405 potissimum
522 1259 573 1385 lh

155 1407 211 1490 qui
232 1405 325 1470 illum
346 1405 392 1468 ait
413 1403 598 1490 Magnesiae
619 1406 732 1470 morbo
754 1407 916 1470 mortuum
936 1426 1040 1489 neque
1062 1427 1120 1470 ue-

155 1494 211 1574 gat
231 1489 329 1552 fuisse
356 1486 492 1571 famam,
519 1509 680 1554 venenum
709 1509 767 1553 sua
794 1491 908 1573 sponte
935 1491 1119 1573 sumsisse,

156 1595 228 1638 cum
243 1593 292 1654 se,
314 1592 396 1655 quae
410 1572 480 1657 regi
502 1571 541 1636 de
564 1571 700 1638 Graecia
721 1573 931 1657 opprimenda
954 1511 1120 1657 pollicitus

126 1657 253 1740 cesset,
286 1658 447 1738 praestare
476 1678 571 1739 posse
601 1657 791 1741 desperaret
839 1657 923 1722 idern
951 1678 1023 1722 ossa
1050 1659 1119 1722 eius

155 1742 237 1806 clam
256 1741 293 1804 in
313 1739 423 1804 Attica
450 1741 490 1805 ab
513 1742 624 1808 amicis
650 1763 683 1806 se
707 1743 790 1825 ulta,
819 1743 972 1827 quoniam
992 1742 1118 1827 legibus

154 1846 222 1890 non
243 1824 484 1922 concederetur,
507 1825 593 1909 quod
619 1765 811 1912 proditionis
834 1831 918 1892 esset
939 1826 1117 1912 damnatus,

154 1929 327 1974 mamonae
348 1909 499 1992 prodidit.

535 2115 736 2125 ——-—

443 2260 508 2338 111.
560 2263 820 2367 nursrmns.

119 2417 136 2479 l
183 2453 188 2462 ·
238 2411 405 2494 Aristides,
420 2409 602 2494 Lysimachi
617 2413 712 2496 filius,
734 2413 952 2497 Atheniensis,
973 2413 1117 2511 aequalis

152 2496 221 2562 iere
240 2497 305 2560 fnit
325 2495 541 2560 Themistocli.
584 2497 693 2581 itaque
715 2517 788 2562 cum
810 2519 848 2562 eo
870 2497 909 2562 de
935 2499 1119 2582 principatu

123 2579 335 2644 aeonunffit:
372 2601 512 2662 namque
544 2581 763 2645 obtrectarumt
790 2582 875 2647 inter
906 2602 948 2646 se.
998 2583 1033 2645 in
1064 2581 1117 2644 his

154 2665 265 2727 autem
288 2663 454 2746 cognitum
481 2666 544 2747 est,
577 2669 698 2748 quanto
732 2669 908 2730 antestaret
933 2665 1119 2748 eloquentia

153 2747 365 2812 innocentiae.
386 2749 387 2754 ’
410 2767 603 2831 quamquam
631 2749 717 2813 enim
744 2749 823 2815 adeo
850 2749 1023 2814 excellebat
1044 2749 1118 2814 Ari·

153 2832 251 2897 stides
273 2831 476 2914 abstinentia,
498 2835 536 2896 ut
548 2853 632 2896 unus
647 2837 721 2917 post
737 2834 906 2898 hominum
919 2832 1117 2916 memoriam,

153 2936 248 2999 quem
270 2915 399 3000 quidem
420 2935 480 2980 nos
502 2916 711 3000 audierimus,
733 2919 927 3002 cognomine
946 2916 1054 2982 iustus
1076 2917 1119 2980 sit

123 3000 341 3146 3alppellgtssus,
363 3003 472 3147 damen
487 3021 507 3064 a
521 2999 979 3150 Themistoclelctgtlllabefatetus
1000 3001 1120 3097 testula

153 3103 257 3146 rae
303 3105 335 3149 ro
385 3105 658 3150 ecemannorum
684 3107 739 3149 mu
823 3107 923 3150 sea.
988 3107 1022 3149 ur
1071 3106 1120 3147 ur·

154 3165 226 3229 dem
248 3172 328 3230 'cum
347 3167 551 3254 intellegeret
571 3169 701 3253 reprimi
723 3171 917 3234 concitatam
942 3105 1120 3238 mitidu-

152 3270 227 3314 nem
248 3269 316 3313 non
336 3271 440 3334 posse,
462 3252 577 3318 cedens
599 3275 640 3317 ue
662 3254 940 3318 animadvertisset
959 3251 1120 3336 quendam

153 3333 356 3417 scribentem,
377 3338 415 3398 ut
428 3337 533 3418 patria
546 3274 728 3421 pelleretur,
751 3338 912 3435 quaesisse
927 3337 967 3402 ab
991 3357 1029 3401 eo
1042 3335 1121 3400 dici·

152 3422 220 3501 tur,
249 3436 347 3502 quare
368 3416 401 3481 id
415 3417 535 3484 faceret
548 3425 605 3486 aut
618 3421 696 3506 quid
716 3422 875 3486 Aristides
898 3420 1120 3502 commisisset,

123 3515 141 3564 4
155 3522 211 3592 cur
232 3505 324 3567 tanta
337 3523 443 3586 poena
457 3502 574 3587 dignus
583 3559 586 3565 ,
596 3505 772 3574 duceretur.
809 3506 862 3571 cui
876 3505 931 3570 ille
953 3503 1122 3591 respoudit

739 669 781 712 ua
802 649 935 732 regione
964 649 1122 734 quinqua·
1225 667 1226 671 ’

573 1341 634 1403 ucy
659 1321 665 1334 '
689 1341 740 1384 em
755 1324 918 1386 auctorem
934 1323 1121 1406 probamus,
1226 1349 1227 1354 ¹
