2456 3884
189 225 250 290 112
463 240 545 287 xxv.
586 236 741 287 srrrous.
767 234 809 283 ao.
831 233 873 284 m.

135 377 254 442 notem
280 373 418 441 reddidit
445 375 495 438 fre
517 375 706 438 acutiorem.
756 393 950 456 quamquam
971 377 1046 438 ante
1071 375 1171 440 haee

189 460 352 544 sponsalia
377 479 444 524 non
471 395 590 542 sdlum,
619 479 693 522 cum
719 457 760 521 ab
776 458 866 522 -urbe
893 460 1032 541 abesset,
1059 480 1169 524 num-

187 565 284 628 quam
318 543 359 620 ad
390 563 521 607 suorum
575 562 747 625 uemquam
778 541 902 606 litteras
933 543 1035 625 misit,
1072 544 1167 626 quin

187 629 297 693 Attico
318 628 474 710 mitteret,
497 563 574 709 quid
595 628 719 710 ageret,
741 624 777 688 in
797 625 909 708 primis
931 625 1009 708 quid
1029 626 1166 711 legeret

157 712 367 860 aqqibusquo
388 711 424 775 in
444 710 524 857 locits
539 713 579 808 ,ot
598 707 751 857 qulqcmditu
773 714 868 856 esseio
876 714 1072 858 mqlrlafithrirtrmrs,
1098 711 1163 774 sed

593 814 672 856 urs
701 813 718 856 e
777 815 793 856 r

189 816 416 963 dodrilql'aticdldlds
427 815 656 961 ffiusnslwpe,
671 815 775 960 quaid
782 815 889 959 dblletr,
906 878 1015 942 Attico
1031 816 1162 942 fruliliibl3

186 968 250 1059 tur,
271 963 380 1026 nullus
402 961 469 1027 dies
490 964 609 1026 tomara
628 961 817 1044 intercessit,
840 980 905 1043 quo
927 982 995 1025 nou
1016 961 1057 1026 ad
1077 983 1160 1026 cum

188 1047 356 1129 scnberet,
387 1066 461 1110 oum
487 1046 583 1110 modo
610 1043 733 1129 aliquid
759 1043 797 1108 de
825 1045 1017 1128 antiquitate
1045 1045 1086 1111 ab
1116 1067 1157 1110 eo

188 1131 380 1215 requireret,
407 1129 504 1194 modo
532 1131 673 1227 aliquam
694 1128 915 1211 quaestionem
940 1129 1102 1212 poeticam
1126 1131 1158 1193 ei

188 1219 394 1299 proponeret,
414 1213 575 1278 interdum
589 1234 699 1277 iocans
718 1213 786 1277 eius
801 1212 1001 1277 verbosiores
1023 1212 1158 1277 eliceret

159 1298 351 1382 aepistolas.
395 1319 435 1362 ex
455 1319 519 1381 quo
541 1296 671 1381 accidit,
699 1317 772 1376 cum
798 1295 885 1360 aedis
907 1295 995 1360 lovis
1015 1295 1157 1361 Feretrii

190 1384 226 1447 in
247 1382 422 1466 Capitolio,
445 1382 486 1445 ab
506 1379 646 1445 Romulo
667 1381 852 1462 constituta,
874 1383 1033 1444 vetustate
1054 1385 1157 1464 atque

189 1467 313 1531 incuria
335 1464 459 1530 detecta
472 1464 703 1548 prolaberetur,
724 1468 762 1528 ut
775 1463 877 1528 Attici
893 1463 1060 1529 admonitu
1074 1463 1155 1530 cae-

159 1562 243 1613 ssar
264 1570 335 1612 eam
356 1547 559 1613 reficiendam
580 1552 714 1612 curaret.
757 1568 862 1631 neque
878 1569 955 1613 voro
978 1570 997 1613 a
1018 1547 1063 1613 M.
1085 1551 1155 1612 An·

189 1632 280 1697 tonio
302 1632 409 1710 minus
430 1631 545 1695 absens
566 1631 682 1695 litteris
703 1631 881 1714 colebatur,
903 1630 982 1696 adeo
1005 1637 1043 1697 ut
1063 1653 1154 1697 aecu-

191 1721 260 1782 rats
284 1716 340 1781 illa
368 1738 407 1781 ex
433 1715 555 1780 ultimis
575 1715 685 1798 torris,
712 1714 791 1798 quid
817 1720 939 1800 ageret,
966 1737 1063 1781 curae
1091 1717 1154 1781 sibi

160 1803 325 1866 ahaberet
355 1801 522 1865 certiorem
553 1800 659 1865 facere
687 1800 841 1864 Atticum.
884 1799 946 1865 hoo
960 1801 1074 1883 *qualo
1101 1801 1152 1883 sit

190 1885 317 1950 facilius
339 1885 533 1949 existimabit
552 1884 596 1967 is,
618 1884 674 1968 qui
695 1882 835 1948 iudicare
855 1884 990 1967 poterit,
1013 1889 1152 1968 quantae

193 1969 236 2034 sit
256 1969 433 2053 sapientiae
459 1989 571 2033 eorum
597 1968 734 2032 retinere
761 1988 855 2031 nsum
881 1967 1151 2032 benevolentiam·

190 2074 262 2136 que,
284 2053 370 2117 inter
390 2073 471 2136 quos
492 2052 703 2116 maximarum
716 2073 824 2116 rarum
837 2072 905 2116 nou
919 2052 1025 2116 solum
1046 2074 1150 2118 aemu-

190 2137 285 2218 latio,
313 2136 369 2199 sed
396 2135 585 2199 obtrectatio
617 2139 709 2198 tanta
735 2133 965 2219 intercedebat,
999 2141 1149 2219 quantam

190 2218 253 2282 fuit
278 2217 500 2300 [intercedere]
524 2238 653 2283 necesse
674 2218 759 2283 inter
778 2217 948 2284 Caesarem
968 2224 1064 2303 atque
1083 2222 1147 2283 An·

190 2301 326 2383 tonium,
349 2321 421 2366 oum
443 2322 477 2366 se
498 2305 633 2385 uterque
648 2302 827 2386 principem
847 2325 916 2368 non
937 2304 1043 2368 solum
1063 2305 1148 2368 urbis

191 2385 322 2469 Romae,
344 2384 401 2450 sed
422 2386 508 2451 orbis
529 2391 686 2451 terrarum
708 2407 775 2451 esse
796 2392 935 2471 cuperet

140 2469 180 2534 21
276 2469 349 2534 Tali
378 2471 474 2536 modo
508 2491 580 2535 oum
606 2475 728 2553 septem
759 2475 793 2535 et
818 2472 1024 2557 septuaginta
1049 2493 1150 2536 annos
1214 2555 1215 2558 Ἴ

191 2553 382 2651 complesset
402 2558 499 2638 atque
526 2554 567 2619 ad
588 2559 762 2652 extremam
788 2559 984 2653 senectutem
1005 2577 1073 2620 non
1093 2557 1149 2620 mi·

190 2659 252 2787 il?
270 2636 1150 2807 tmttlttcrttffitltztttitt

192 2809 380 2871 consecutus
396 2805 457 2888 est)
478 2808 632 2888 tantaque
646 2806 858 2890 prosperitate
873 2829 949 2872 usus
971 2812 1054 2871 esset
1067 2808 1148 2872 vale
1213 2831 1214 2834 ¹

162 2892 328 2974 atudinis,
358 2894 395 2954 nt
416 2889 509 2954 annis
530 2889 666 2973 triginta
685 2891 843 2956 medicina
863 2912 932 2957 non
952 2891 1147 2976 indiguisset,

191 2980 303 3040 nactus
325 2977 374 3038 est
393 2975 555 3057 morbum,
583 2994 679 3056 quem
706 2974 799 3039 initio
829 2979 862 3040 ct
888 2975 958 3058 ipse
985 2980 1017 3040 et
1038 2975 1148 3041 medici

193 3063 467 3142 contempserunt:
499 3079 575 3122 nam
606 3061 763 3141 putarunt
789 3079 857 3123 osse
883 3064 1066 3141 tenesmon,
1099 3062 1148 3124 cui

162 3144 333 3206 aremedia
358 3142 474 3206 celeria
505 3141 675 3224 faciliaque
707 3163 766 3225 pro
790 3143 981 3209 oriebantur.
1029 3145 1064 3208 in
1090 3145 1148 3210 boo

192 3245 265 3288 cum
285 3229 350 3288 tres
377 3247 502 3291 menses
529 3226 611 3312 sine,
625 3225 700 3290 ullis
722 3164 901 3310 doibribus,
928 3233 1148 3325 praeterquam

190 3329 282 3455 tlt
302 3329 351 3453 ἐξ
372 3309 1022 3478 rurrrrnlrcrrrrrrr
1045 3313 1147 3460 tlt

192 3478 296 3538 tremo
318 3479 462 3553 tempore
483 3493 542 3554 per
562 3474 689 3559 lumbos
715 3477 842 3541 fistulae
864 3417 957 3560 buris
979 3479 1147 3562 eruperint.
