2456 3884
137 263 160 323 4
445 271 471 321 1.
499 270 700 320 ururmnres.
722 265 747 315 a.
767 268 793 315 s.

138 430 196 474 sua
228 411 428 474 retentarum
464 409 639 489 potestate,
678 405 706 470 si
738 403 848 468 amieis
884 405 951 469 suis
985 406 1102 489 oppida

114 493 258 557 'tuenda
284 489 481 572 tradidisset,
511 491 627 573 quibus
654 509 687 553 se
722 509 874 586 oppresso
908 488 1000 553 nulla
1031 511 1046 554 s
1070 513 1102 554 es

138 577 250 642 salutis
272 575 515 658 relinqueretur.
558 574 594 638 in
615 573 678 638 hoo
698 571 763 637 furt
783 575 853 637 turn
874 593 1008 638 numero
1091 612 1103 622 -

79 730 85 735 ,
108 660 240 726 otiades
263 659 327 747 [eui
342 659 400 724 illa
420 659 565 724 custodia
586 656 788 740 credereturl.
831 655 885 720 hic
905 677 979 722 cum
1000 660 1104 723 crebri

138 746 289 816 afferrent
309 743 432 824 nuntii,
453 742 538 807 male
559 762 635 806 rem
649 761 759 826 gerere
780 739 916 806 Darium
936 743 1103 827 premique

138 853 158 894 a
179 827 318 912 Scythis,
340 826 502 892 Miltiades
521 825 668 890 hortatus
690 828 739 889 est
758 824 868 907 pontis
883 825 1040 909 custodes,
1062 848 1104 891 ne

138 935 158 978 a
180 915 313 978 1011111
327 911 435 976 datam
456 911 657 986 occasionem
684 907 869 973 liberandae
883 907 1035 974 Graeciae
1059 911 1104 975 di-

108 998 314 1062 smitterent.
350 1015 427 1060 nam
449 997 477 1059 si
498 1015 571 1060 cum
592 995 632 1058 iis
647 994 757 1077 copiis,
779 1013 859 1076 quas
873 1011 981 1058 seeum
1000 997 1104 1059 trans·

2 1083 6 1090 ’
162 1084 297 1164 orbarat,
334 1079 497 1144 interisset
512 1077 660 1161 Darius,
698 1097 766 1142 non
803 1075 907 1140 solum
939 1076 1104 1162 Europam

138 1105 209 1230 lore
236 1168 354 1245 tutam,
389 1162 445 1228 sed
472 1163 569 1228 etiam
597 1183 665 1242 eos,
700 1160 756 1244 qui
787 1161 899 1227 Asiam
914 1161 1105 1230 ,incolerent
1218 1167 1220 1230 5

141 1249 255 1314 Graeci
286 1267 420 1344 genere,
451 1247 571 1312 liberos
602 1267 622 1312 a
648 1244 819 1310 Persarum
845 1245 971 1310 fubrros
1003 1247 1105 1312 domi·
1212 1251 1227 1294 'ff

140 1334 272 1398 natione
294 1336 327 1396 et
347 1331 508 1414 periculo:
538 1329 572 1394 id
593 1334 627 1395 et
646 1328 740 1394 facile
762 1328 847 1393 effici
867 1348 978 1412 posse:
1003 1335 1105 1414 ponte
1220 1371 1226 1406 ,1

141 1418 228 1482 enirn
254 1415 387 1479 rescisso
414 1435 524 1498 regem
551 1413 603 1478 vel
629 1413 772 1478 hostium
801 1410 887 1477 ferro
914 1413 966 1477 vel
993 1414 1106 1498 inopia
1214 1430 1226 1482 1

110 1501 251 1585 opaucis
279 1497 390 1562 diebus
416 1498 650 1562 interiturum.‘
685 1496 726 1560 ad
751 1496 814 1562 hoo
839 1496 1010 1562 consilium
1031 1521 1106 1564 oum
1217 1525 1228 1553 ·

139 1583 284 1668 plerique
306 1580 502 1679 accederent,
524 1579 688 1646 Histiaeus
702 1579 856 1663 Milesius,
877 1601 919 1646 ne
941 1603 992 1646 res
1007 1585 1107 1648 confi·
1215 1599 1221 1640 1

141 1671 279 1750 caretur,
302 1665 442 1749 obstitit,
465 1665 574 1730 disens
588 1664 755 1752 nonidem
777 1664 865 1748 ipsis,
888 1665 944 1749 qui
965 1687 1107 1732 summas

141 1751 269 1836 imperii
282 1754 439 1834 tenerent,
462 1749 611 1833 expedire
633 1752 666 1813 et
680 1748 889 1832 multitudini,
912 1749 999 1833 quod
1012 1750 1108 1817 Darii

140 1857 242 1922 regno
270 1835 413 1919 ipsorum
439 1834 597 1899 niteretur
627 1833 820 1899 dominatio:
853 1854 917 1916 quo
945 1835 1107 1910 exstincto
1223 1848 1228 1902 1

141 1923 229 2004 ipsos
250 1923 409 2003 potestate
430 1939 468 1984 ex
491 1919 579 1984 ulsos
601 1917 724 1983 civibus
745 1917 810 1982 suis
829 1938 950 2000 poenas
965 1919 1107 1986 daturos.
1208 1926 1222 1958 ‘⁷'

141 2006 250 2102 itaque
273 2002 352 2068 adeo
374 2025 409 2068 se
435 1941 607 2068 abhorrere
634 2024 654 2067 a
681 2004 860 2066 ceterorum
886 2003 1037 2088 oonsilio,
1069 2011 1109 2070 ut
1205 2016 1213 2072 'z

142 2088 226 2153 nihil
251 2091 344 2171 putet
376 2087 455 2169 ipsis
484 2085 595 2150 uhlius
627 2107 723 2168 quam
755 2085 938 2151 confirmari
969 2107 1108 2172 regnum
1204 2131 1226 2161 1.

112 2173 321 2237 cPersarum.
357 2169 454 2234 huius
475 2190 547 2235 cum
569 2171 761 2238 sententiam
779 2165 911 2254 plurimi
932 2175 1039 2236 essent
1060 2194 1109 2238 se
1207 2225 1208 2228 ,

142 2257 223 2339 cuti,
256 2253 418 2318 Miltiades
445 2274 513 2320 non
543 2253 693 2319 dubitans
725 2257 792 2318 tam
824 2253 934 2318 multis
967 2257 1109 2322 consciis
1204 2258 1205 2262 ’

142 2339 183 2406 ad
204 2339 289 2438 regis
311 2359 403 2404 aures
424 2338 559 2403 consilia
580 2360 638 2404 sua
652 2341 854 2422 perventura,
869 2335 1110 2406 Chersonesum
1198 2355 1226 2419 ,ᾖ

47 2504 52 2510 ,
142 2426 275 2510 reliqurt
302 2445 339 2489 ac
359 2444 469 2488 nrrsus
489 2423 635 2488 Athenas
662 2421 862 2506 demigravit.
905 2425 996 2489 ouius
1023 2427 1110 2492 ratio
1196 2458 1228 2504 a,

143 2511 204 2574 etsi
224 2529 293 2574 non
314 2508 441 2591 valuit,
456 2511 566 2572 tamen
592 2527 711 2591 magno
739 2526 835 2588 opere
862 2511 912 2572 est
938 2507 1134 2592 laudanda,
1192 2524 1225 2600 q,

143 2613 217 2658 oum
238 2593 373 2656 amicior
388 2591 533 2656 omnium
554 2590 696 2656 libertati
718 2594 814 2672 quam
836 2611 911 2658 suae
931 2591 1031 2655 fuerit
1052 2592 1110 2656 do·
1192 2644 1225 2681 „

143 2677 325 2741 minationi.
921 2687 928 2694 '
1017 2675 1021 2685 ’
1189 2699 1198 2752 1
1227 2670 1228 2683 ’

107 2759 129 2823 4
227 2759 345 2824 Darius
360 2762 476 2843 autem,
491 2781 566 2825 oum
579 2781 620 2824 ex
633 2758 766 2843 Europa
786 2761 822 2824 in
836 2758 949 2824 Asiam
964 2759 1110 2843 redisset,
1177 2703 1228 2860 ll,

143 2845 350 2912 hortantibus
371 2843 496 2927 amicis,
523 2847 561 2908 ut
588 2844 754 2909 Graeciam
775 2843 934 2928 redigeret
959 2843 996 2907 in
1017 2866 1112 2910 suam
1185 2881 1219 2945 ,qe

142 2933 345 3013 potestatem,
367 2927 500 2992 classem
522 2927 772 3024 quingentarum
792 2927 924 2992 navium
945 2949 1112 3025 compara·
1186 2933 1225 3036 'ql

145 3013 202 3076 vit·
223 3014 315 3096 eique
342 3012 453 3080 Datim
501 3010 632 3076 raefecrt
658 3015 692 3075 et
718 3011 970 3095 Artaphernem,
994 3011 1113 3096 hisque
1183 3077 1189 3097 ¹

145 3096 284 3160 ducenta
298 3095 452 3181 peditum,
474 3033 583 3160 decem
597 3095 742 3179 equitum
757 3095 848 3160 milia
862 3094 958 3179 dedit,
979 3115 1113 3162 eausam
1184 3053 1221 3215 ῗη.

144 3181 354 3260 interserens,
391 3200 425 3244 se
457 3180 584 3245 hostem
617 3199 684 3243 esse
718 3179 985 3262 Atheniensibus,
1023 3181 1114 3263 quod
1181 3176 1228 3280 q*

146 3285 257 3328 eorum
271 3261 497 3327 auriliolones
511 3261 620 3329 Sardis
634 3284 717 3346 erpu
764 3268 873 3328 assent
885 3285 944 3328 sua
966 3285 1006 3327 ue
1020 3285 1114 3346 prae·
1223 3262 1228 3289 '

114 3347 227 3411 acidia
258 3345 503 3412 interfecissent.
557 3346 607 3412 illi
661 3367 714 3412 rae
730 3348 792 3412 ecti
825 3348 908 3432 regii
941 3285 1041 3412 dlasse
1071 3349 1114 3413 ad
1178 3344 1217 3446 ιε’

144 3431 310 3528 Euboeam
325 3431 459 3528 appulsa
479 3429 624 3526 celeriter
636 3368 797 3496 Eretriam
816 3435 972 3515 oeperunt
986 3453 1114 3498 omnes·
1175 3465 1202 3538 q

145 3536 207 3600 que
236 3536 304 3579 erus
331 3517 437 3598 gentis
459 3533 544 3578 c1ves
565 3516 715 3597 abreptos
742 3516 777 3579 in
799 3516 911 3580 Asiam
938 3515 980 3580 ad
1001 3537 1114 3600 regem
1211 3519 1228 3552 ¹¹

1172 3563 1221 3642 tte

297 3833 316 3868 Ο
