2456 3884
396 291 483 339 xva.
517 291 718 343 scnsmsus.
740 291 815 341 4-c.
1045 281 1087 346 69

121 423 323 508 nocuissent,
351 428 501 491 autnon
529 429 729 510 gravioribus
780 430 870 494 cenis
897 430 998 514 affici,
1031 433 1087 515 qui

121 510 315 596 religionem
337 510 533 594 minuerent,
557 533 653 594 quam
675 514 731 597 qui
752 452 829 579 lina
850 515 1034 598 spoliarent.

207 593 375 672 Posthac
401 594 561 678 proelium
587 596 740 662 collatum
768 621 862 664 omne
889 599 1010 663 bellum
1039 599 1123 664 estb

121 680 206 742 eirca
221 677 414 744 Corinthum
435 679 508 745 ideo
532 701 571 744 ue
587 679 791 748 Corinthium
813 687 862 748 est
879 683 1084 766 appellatum.

121 763 174 826 hic
197 782 271 826 cum
292 784 358 826 una
381 784 492 848 pugna
510 701 626 829 decem
653 766 743 830 milia
769 766 912 830 hostium
933 767 1085 852 Agesilao
1100 779 1127 828 a.

123 845 202 911 duce
218 844 408 911 cecidissent
429 868 531 931 eoque
552 849 638 914 facto
661 871 738 932 opes
759 851 1014 915 adversariorum
1035 852 1087 915 de·

121 931 268 994 bilitatae
291 929 484 1014 riderentur,
509 935 636 997 tantum
658 933 741 998 afuit
762 935 802 998 ab
823 934 997 999 insolentia
1018 934 1087 1020 glo·

122 1015 205 1098 riae,
228 1018 266 1078 ut
287 1015 527 1080 commiseratus
555 1017 598 1080 sit
618 1016 783 1082 fortunam
805 1017 972 1102 Graeciae,
1001 1019 1088 1117 quod

122 1104 190 1162 tam
217 1097 311 1163 multi
339 1120 412 1164 ase
440 1100 518 1164 victi
545 1101 625 1165 vitio
653 1101 906 1168 adversariorum
933 1103 1087 1168 concrdis-

122 1186 212 1247 sent:
239 1203 377 1267 nemque
403 1184 461 1247 illa
481 1183 704 1268 multitudine,
734 1188 762 1250 si
783 1207 861 1252 sana
881 1207 972 1250 mens
994 1191 1087 1270 esset,
1197 1217 1200 1226 ¹

124 1265 278 1332 Graeciae
309 1267 503 1351 supplicium
532 1269 646 1333 Persas
678 1269 753 1334 dare
784 1271 936 1354 potuisse.
991 1270 1117 1354 idem,e

124 1372 199 1414 cum
220 1349 415 1416 adversarios
437 1352 524 1416 intra
544 1353 673 1417 moenia
695 1355 901 1437 compulisset
922 1359 955 1419 et
976 1358 1014 1418 ut
1028 1353 1088 1420 Oo-

122 1434 268 1500 rinthum
298 1440 500 1521 oppugnaret
526 1436 620 1501 multi
647 1437 868 1523 hortarentur,
896 1439 1028 1536 negavit
1055 1439 1089 1503 id

123 1540 200 1583 suae
227 1519 342 1584 virtuti
362 1521 550 1585 convenire:
573 1542 607 1585 se
629 1521 716 1586 enim
734 1543 807 1587 eum
829 1543 897 1587 esse
919 1521 1009 1606 dixit,
1032 1523 1088 1606 qui

123 1604 165 1666 ad
187 1602 330 1668 officium
343 1608 511 1687 peccantes
532 1605 637 1669 redire
658 1611 802 1704 cogeret,
824 1628 892 1671 non
914 1608 970 1704 qui
992 1607 1087 1671 urbes

122 1687 340 1762 nobilissimas
371 1692 569 1773 expugnaret
597 1689 758 1755 Graecrae.
803 1697 891 1755 ‘nam
913 1699 952 1755 sr’
979 1692 1118 1773 inquits

124 1776 192 1835 ‘eos
213 1772 416 1856 exstinguere
438 1773 648 1870 volucrimus,
671 1775 727 1870 qui
748 1774 916 1838 nobiscum
937 1774 1088 1838 adversus

1 1881 2 1923 l
124 1855 279 1920 barbaros
301 1858 467 1940 steterunt,
489 1860 617 1921 nosmet
636 1879 700 1940 rpsr
720 1877 781 1922 nos
799 1857 1089 1954 expugnaverimus

123 1939 191 2002 illis
214 1940 459 2022 quiescentibus.
497 1961 561 2023 quo
583 1941 669 2005 theto
691 1941 760 2005 sine
774 1944 917 2024 negotio,
940 1960 1012 2004 cum
1034 1963 1088 2005 vo·

1 2103 9 2116 .
123 2023 261 2105 luerint,
286 2045 345 2088 nos
367 2025 572 2108 oppriment?

211 2105 344 2172 Interim
366 2109 481 2172 accidit
502 2108 559 2172 illa
581 2108 744 2173 calamitas
766 2108 851 2192 apud
873 2107 1010 2173 Leuctra
1030 2105 1125 2206 hab

123 2190 347 2256 cedaemoniis.
413 2214 455 2257 uo
477 2213 519 2256 ne
540 2193 810 2285 proficisceretur,
838 2213 911 2258 cum
938 2193 1088 2291 aplerrs·

124 2295 188 2357 que
217 2277 257 2338 ed
285 2213 464 2373 exeundum
489 2280 701 2374 premeretur,
726 2280 764 2342 ut
790 2276 877 2374 side
899 2277 1088 2424 entuSdm·

124 2359 973 2542 afceuzaaeaaasuaa
990 2383 1089 2538 aa

124 2547 159 2590 se
185 2531 412 2625 imperatorem
439 2529 601 2626 praebuit,
631 2530 668 2592 ut
696 2548 733 2592 eo
766 2531 911 2610 tempore
939 2526 1088 2592 ommbus

124 2612 324 2695 apparuerit,
351 2611 415 2676 rusi
441 2612 496 2676 1110
523 2612 650 2694 fuisset,
679 2609 827 2694 Spartam
847 2611 990 2676 futuram
1019 2631 1088 2676 non

123 2693 233 2760 fuisse.
263 2696 298 2759 in
320 2717 384 2779 quo
406 2695 535 2779 quidem
550 2696 732 2760 discrimine
754 2695 900 2760 celeritas
923 2695 991 2759 eius
1013 2704 1118 2760 con-a

1 2849 2 2856 ἵ
124 2778 190 2841 silii
224 2779 320 2844 saluti
347 2779 411 2844 fuit
440 2779 608 2844 uniuersis.
657 2801 733 2844 nam
760 2801 832 2844 cum
862 2777 992 2862 quidam
1014 2778 1089 2842 adu·

124 2862 309 2946 lescentuli,
331 2862 474 2928 hostium
495 2864 635 2928 adsentu
657 2863 834 2947 perterriti,
856 2863 896 2926 ad
917 2862 1089 2927 Thebanos

123 2945 327 3031 transfugere
349 2947 471 3011 vellent
492 2952 525 3013 et
538 2948 645 3012 locum
667 2950 756 3018 extra
770 2946 882 3010 urbem
898 2945 1018 3009 editum
1039 2967 1089 3010 ce·
1183 2985 1187 2994 ·

2 3037 3 3062 ³
123 3030 257 3113 pissent,
279 3030 459 3116 Agesilaus,
481 3031 538 3114 qui
551 3030 856 3115 perniciosissimum
871 3028 941 3093 fore
955 3029 1087 3114 videret,

123 3113 153 3176 si
174 3114 431 3186 animadversum
454 3118 549 3198 esset,
573 3135 766 3198 quemquam
789 3113 829 3177 cd
855 3113 965 3177 hostes
986 3118 1089 3178 trans·

123 3197 237 3294 fugere
258 3199 384 3281 conam,
407 3219 480 3263 cum
502 3199 567 3262 suis
589 3220 627 3263 eo
649 3199 871 3281 renitetque,
893 3201 931 3261 ut
952 3197 979 3262 si
1001 3199 1087 3262 bono

122 3301 232 3346 ammo
247 3280 408 3365 iecissent,
430 3282 573 3346 laudavit
586 3281 756 3347 consilium
771 3302 891 3362 eorum,
914 3281 1001 3364 quod
1015 3302 1088 3344 eum

123 3364 231 3428 locum
262 3370 486 3450 occupassent,
520 3369 552 3430 ct
584 3387 617 3430 se
650 3386 778 3450 quoque
808 3364 842 3428 id
872 3365 943 3430 lieri
975 3364 1088 3428 debere

123 3449 396 3515 animadvertisse.
432 3451 477 3515 sic
500 3449 717 3516 adulescentes
732 3448 882 3514 simulata
904 3447 1117 3513 laudationes

123 3533 325 3599 recuperarit
358 3537 391 3599 et
423 3533 582 3599 adiunctis
615 3535 654 3598 de
686 3535 752 3599 suis
785 3532 955 3599 comitibus
981 3530 1087 3595 locum
