2456 3884
146 211 187 275 '18
403 222 501 270 xv111.
538 218 713 270 concurs.
737 215 777 264 ιο.
800 213 842 264 11.

98 361 139 426 10
231 357 283 424 Sic
297 357 457 422 Eumenes
473 354 622 420 callidum
637 355 861 437 imperatorem
880 353 959 417 vicit
974 353 1123 418 consilio
1153 397 1158 406 ·

147 443 404 524 celeritatemque
425 437 593 522 impedivit
614 438 691 520 cius,
715 457 819 520 neque
840 441 949 502 tumen
970 438 1125 502 multum

116 525 292 612 eprofecit
333 546 409 588 nam
430 522 553 587 invidio
572 522 697 604 ducum,
719 541 792 586 cum
807 523 922 604 quibus
939 525 1019 605 eret,
1042 543 1125 605 per-
1221 523 1222 572 ἐ

146 613 170 675 fi
194 611 200 625 '
244 631 284 674 ue
298 606 510 672 Macedonum
525 610 758 688 veteranorum,
770 625 842 670 cum
858 606 1006 688 superior
1020 626 1125 690 proe-

147 696 192 760 lio
263 693 417 774 cessisset,
438 691 605 775 Antigono
628 693 677 754 cst
698 688 832 772 deditus,
857 709 930 754 cum
952 691 1124 755 exercitus

148 779 178 842 ci
200 781 249 842 ter
270 781 344 840 unte
366 774 521 860 separetis
535 775 731 858 temporibus
751 777 886 838 iurasset
906 793 940 838 se
962 793 1038 837 cum
1062 775 1123 838 de·

147 863 314 926 sensurum
334 880 439 943 neque
453 879 605 942 umquem
625 858 830 923 deserturum.
866 856 923 921 sed
935 859 1030 921 tenta
1049 857 1124 921 fuit

148 945 379 1010 nonnullorum
400 943 529 1006 virtutis
551 941 755 1025 obtrectatio,
782 945 820 1006 ut
839 940 936 1005 fidem
963 943 1121 1006 emittere

119 1026 282 1093 omcllent
303 1048 399 1109 quam
422 1048 495 1090 cum
516 1046 584 1090 non
604 1024 744 1122 perdere.
788 1028 884 1108 etque
909 1024 995 1089 hunc
1017 1027 1121 1090 Anti-

148 1133 268 1199 gonus‚
303 1131 377 1176 curn
404 1110 435 1174 ci
466 1109 581 1176 fuisset
605 1109 845 1191 nfestissimus,
882 1115 1115 1192 conservasset,

137 1197 177 1261 -si
203 1217 262 1280 per
288 1216 363 1261 suos
390 1198 474 1260 essct
501 1193 639 1275 licitum,
672 1192 759 1276 quod
787 1193 827 1256 cb
853 1193 944 1257 nullo
978 1194 1115 1276 sepius

149 1279 294 1346 adiuvari
315 1300 409 1364 posse
430 1277 638 1362 intellegebat
651 1277 687 1342 iu
707 1277 748 1341 iis
768 1277 874 1360 rebus,
896 1296 975 1360 quse
988 1277 1120 1360 impen-

150 1365 223 1430 dere
244 1365 309 1428 iem
330 1364 506 1459 apparebat
526 1361 683 1426 omuibus.
720 1359 932 1426 imminebunt
953 1361 1040 1424 enim
1057 1359 1118 1425 Sc·

149 1448 269 1530 leucus,
283 1446 502 1544 Lysimachus,
523 1444 735 1542 Ptolemaeus,
751 1444 865 1527 opibus
878 1445 944 1542 iem
954 1443 1118 1542 rodentes,

120 1529 647 1696 ritintibffmisiiiffi
664 1529 759 1676 tit?
780 1527 1118 1709 efficdt'ttindit

150 1701 231 1764 bont
244 1695 389 1766 Eumene
410 1699 538 1780 recepto
560 1716 671 1764 omnes
693 1716 769 1779 prae
790 1695 848 1760 illo
861 1717 953 1778 perri
974 1695 1116 1761 futuros.

151 1785 221 1868 ipse
248 1785 355 1847 cutem
382 1781 568 1866 Antigonus
595 1779 673 1846 adeo
702 1783 771 1846 crat
796 1780 959 1862 incensus,
986 1785 1025 1844 ut
1050 1783 1118 1846 nisi

151 1889 270 1953 magne
291 1887 347 1949 spe
370 1871 580 1933 maximarum
600 1885 708 1929 rerum
728 1865 823 1928 leniri
844 1885 912 1929 nou
931 1869 1052 1948 posset.

104 1954 142 2016 11
236 1950 350 2034 Itaque
373 1971 445 2014 cum
467 1971 540 2014 eum
561 1949 598 2013 in
618 1949 794 2016 custodium
811 1948 948 2013 dedisset
969 1952 1002 2012 et
1022 1969 1119 2032 proe-

150 2038 255 2100 fectus
277 2034 445 2099 custodum
459 2033 642 2117 quaesisset,
664 2054 759 2130 quem
780 2030 821 2095 cd
840 2031 971 2098 modum
992 2035 1117 2098 servari

151 2118 264 2200 vellet,
291 2121 340 2181 ‘ut
361 2117 560 2182 acerrimum'
588 2117 696 2198 inquit
717 2117 856 2180 ‘leonem
880 2120 937 2180 cut
955 2115 1117 2182 ferocissi-

151 2223 240 2264 mum
261 2200 496 2282 elephantum':
517 2198 661 2263 nondum
684 2201 769 2264 euim
791 2203 957 2280 statueret,
983 2221 1114 2264 conser-

123 2286 245 2348 evcret
277 2303 350 2346 eum
381 2303 492 2347 necne.
542 2282 692 2348 veniebat
722 2287 829 2348 entem
863 2284 905 2348 cd
935 2283 1118 2349 Eumenem

152 2371 324 2451 utrumqne
352 2387 454 2451 genus
480 2366 664 2450 hominurn,
697 2371 730 2430 ct
756 2368 812 2450 qui
842 2372 974 2451 propter
1003 2368 1119 2433 odium

152 2452 293 2516 fructum
315 2450 416 2516 oculis
442 2472 482 2515 ex
503 2451 572 2516 cius
597 2471 671 2516 casu
698 2471 810 2534 cepere
837 2451 971 2534 vellent,
1002 2455 1035 2516 ct
1057 2455 1119 2536 qui

152 2539 285 2620 propter
306 2538 447 2600 veterem
469 2535 641 2600 amicitiem
663 2535 746 2600 collo
770 2537 804 2598 ui
824 2535 1048 2619 consolarique
1062 2557 1119 2600 cu·

153 2618 564 2783 {ticiniensi
578 2556 1120 2786 condocens

152 2785 349 2866 timerissent,
377 2785 467 2848 cuius
495 2785 531 2849 in
552 2749 693 2868 pernicie
713 2787 851 2868 positam
876 2807 967 2870 spem
986 2788 1120 2852 habuis·

123 2875 227 2936 esent
247 2869 409 2936 victorine.
453 2871 487 2933 et
507 2868 681 2948 Eumenes,
709 2889 781 2933 cum
802 2868 923 2935 diutius
942 2872 979 2935 in
999 2872 1120 2936 vinclis

152 2959 245 3039 essct,
260 2955 307 3021 nit
321 2952 535 3037 Onomarcho,
549 2973 648 3037 penes
662 2974 756 3036 quem
768 2973 892 3018 summo
906 2955 1033 3038 imperii
1048 2961 1121 3020 erut

152 3037 327 3121 custodies,
341 3060 375 3103 sc
389 3038 500 3103 mironi
531 3037 709 3120 quereiam
722 3038 854 3103 tertium
868 3039 954 3102 diem
968 3038 1014 3102 sic
1028 3043 1121 3103 tcnc·

153 3124 255 3186 retur:
289 3142 357 3186 non
386 3123 472 3187 enim
498 3087 560 3186 irco
594 3121 766 3218 convenire
792 3121 952 3207 Antigoni
978 3123 1120 3206 pruden-

152 3205 233 3288 tiae,
261 3207 298 3268 ut
318 3206 364 3269 sic
386 3205 568 3270 deutcretur
590 3207 690 3269 noto:
719 3205 798 3288 quin
824 3210 887 3270 out'
900 3205 1039 3270 interfici
1061 3213 1122 3272 cut

123 3290 288 3354 emissum
309 3288 381 3352 ficri
401 3289 534 3356 iuberet.
583 3287 637 3353 hic
658 3301 736 3354 cum'
750 3288 890 3354 ferocius
911 3288 1119 3355 Onomarcho

153 3373 243 3459 loqui
270 3371 449 3468 videretur!
478 3371 591 3455 ‘quid‘?
619 3375 684 3456 tu’,
706 3373 827 3456 inquit,
858 3374 977 3439 ‘animo
1004 3375 1032 3438 si
1054 3375 1119 3438 isto

154 3481 239 3540 eras,
268 3478 326 3524 cur
346 3476 415 3522 non
436 3476 470 3518 m
491 3455 617 3540 proelio
645 3455 786 3522 cecidisti
813 3458 936 3542 potius,
963 3479 1061 3544 quom
1082 3460 1120 3523 in

1015 3715 1021 3724 κ
