2456 3884
339 245 441 294 xxm.
481 247 671 294 uramara.
692 244 785 293 o-rr.
1006 233 1048 299 95

10 413 12 452 3
77 381 248 447 arentiam
277 379 495 446 Cretensium:
530 401 682 466 magnam
708 382 794 446 enim
822 402 929 446 secum
955 404 1048 468 pecu-

10 513 12 534 .
77 467 167 530 niam
189 465 351 548 portabat,
374 463 412 526 de
435 485 499 546 qua
520 465 642 528 sciebat
656 465 758 528 exisse
773 469 914 550 famam„
938 467 1077 550 itaquea

10 585 13 630 ,
78 550 167 634 capit
188 547 253 614 tale
283 547 463 612 consilium.
507 548 679 632 amphoras
708 550 888 632 complures
910 551 1050 634 complet

10 669 12 714 p
49 661 51 665 ·
78 633 224 717 plumbo,
247 653 388 696 summas
411 631 516 716 operit
537 653 615 696 auro
639 637 671 698 et
692 638 835 718 argento.
879 634 938 698 has
959 629 1049 720 pra'e-

10 723 12 780 ξ
79 717 224 782 sentibus
238 716 345 800 princi
369 715 441 780 ibus
457 714 590 798 deponit
611 717 646 780 in
661 717 782 800 templo
796 715 930 802 Dianae,
952 718 1049 783 simu·

79 803 149 866 lans
178 822 212 864 se
234 822 309 865 suas
336 737 485 864 liirtunas
507 800 636 864 illorum
657 800 732 864 fidei
759 800 894 866 credere.
937 801 989 866 his
1012 803 1049 866 in

79 905 222 950 errorem
242 882 394 966 inductis,
416 887 539 948 statuas
561 887 691 967 a‘e'neas,
714 905 792 968 quas
814 906 921 950 secum
942 889 1048 971 porta-

10 971 14 1052 l
79 969 145 1051 bat,
169 968 259 1033 omni
282 989 340 1032 sua
386 967 500 1031 ecunia
521 967 660 1052 complet
681 989 797 1054 easque
819 969 855 1032 in
875 970 1047 1052 propatulo

10 1053 13 1116 l
80 1052 169 1116 domi
191 1051 310 1115 abiicit.
358 989 508 1135 dompnii
529 1051 686 1134 templum
706 1073 826 1138 magna
846 1074 922 1118 cura
943 1057 1078 1118 custo-4

10 1118 16 1206 l
82 1137 185 1218 diunt,
208 1157 277 1199 non
291 1139 359 1198 tam
381 1158 401 1198 a
422 1135 534 1198 ceteris
549 1156 645 1218 quam
661 1137 700 1200 ab
715 1135 908 1219 Hannibale,
930 1157 971 1200 ne
993 1137 1048 1201 ille
1120 1179 1126 1192 ·

10 1209 12 1300 l
80 1219 292 1284 inscientibus
315 1218 355 1282 iis
376 1218 506 1283 tolleret
527 1240 697 1302 secumque
719 1218 856 1284 duceret.

10 1307 12 1370 2
168 1301 221 1368 Sic
244 1302 441 1367 conservatis
468 1303 534 1368 suis
562 1303 657 1368 rebus
677 1302 820 1386 Poenus,
848 1303 952 1368 illusis
974 1301 1048 1368 Cre·
1059 1304 1098 1368 10

10 1371 13 1486 ι
79 1388 226 1451 tensibus
250 1387 400 1450 omnibus
407 1436 416 1469 ,
444 1387 485 1450 ad
505 1385 652 1450 Prusiam
673 1387 708 1450 in
729 1387 871 1452 Pontum
891 1387 1047 1471 pervenit.

80 1470 167 1555 apud
190 1491 285 1554 quem
315 1470 426 1534 eodem
448 1470 556 1535 animo
583 1471 647 1534 fuit
672 1492 749 1556 erga
774 1470 917 1552 ltaliam,
944 1493 1048 1554 neque

80 1553 169 1619 aliud
191 1554 368 1636 quidquam
382 1554 449 1638 egit
463 1575 560 1638 quam
574 1575 683 1638 regem
698 1557 835 1620 armavit
855 1559 888 1620 et
907 1556 1049 1620 exercuit

80 1638 233 1702 adversus
245 1635 418 1704 Romanos.
452 1659 547 1720 quem
563 1659 635 1702 cum
649 1638 772 1703 videret
785 1639 967 1704 domesticis
980 1641 1046 1722 opi·
1060 1651 1077 1700 2

79 1723 143 1786 bus
165 1723 274 1787 minus
296 1743 364 1786 esse
386 1722 564 1805 robustum,
591 1722 783 1786 conciliabat
803 1727 925 1786 ceteros
946 1745 980 1786 re
1004 1743 1048 1804 es,

80 1805 282 1891 adiungebat
294 1805 463 1869 bellicosas
477 1809 634 1870 nationes.
671 1805 844 1870 dissidebat
864 1806 958 1870 abeo
1001 1826 1048 1869 er-

104 1911 239 1954 amenus
261 1910 317 1952 rex
337 1889 513 1970 Eumenes,
541 1887 696 1953 Romanis
728 1890 954 1973 amicissimus,
982 1889 1048 1952 bel·

78 1911 213 2070 iuraque
246 1973 331 2036 inter
358 1994 413 2037 eos
441 1974 610 2058 gerebatur
639 1976 672 2036 et
691 1974 773 2037 mari
795 1979 827 2038 et
847 1977 950 2036 terra:
983 1993 1047 2056 quo

78 2079 186 2142 magis
208 2057 356 2140 cupiebat
377 2078 450 2120 eum
471 2055 636 2121 Hannibal
658 2078 699 2140 op
723 2057 805 2120 rimi.
849 2054 904 2120 sed
921 2056 1077 2153 ¹utrobi-a

78 2139 320 2306 ttllltl
335 2140 1063 2306 {lutttltll'ittmttttttttt·

79 2308 307 2372 arbitrabatur.
361 2307 402 2372 ad
434 2307 521 2372 hunc
552 2307 812 2373 interficiundum
843 2309 941 2373 talem
973 2309 1048 2373 iniit

79 2393 250 2456 rationem.
284 2392 383 2455 classe
398 2392 509 2474 paucis
524 2390 634 2456 diebus
649 2397 741 2456 erant
755 2391 921 2455 decreturi.
954 2412 1045 2474 supe·
1059 2405 1077 2454 4

80 2479 213 2540 rabatur
233 2477 366 2540 navium
387 2474 610 2540 multitudine:
640 2474 714 2539 dolo
737 2479 806 2538 erat
826 2474 1046 2559 pugnandum,

80 2581 154 2624 cum
181 2581 241 2642 par
268 2580 337 2623 non
364 2563 447 2622 esset
474 2561 580 2623 armis.
629 2559 800 2641 imperavit
828 2579 924 2642 quam
948 2558 1046 2642 pluri·

80 2665 149 2706 mas
163 2647 340 2707 venenatas
362 2646 525 2726 serpentes
540 2643 630 2707 vivas
651 2641 762 2727 colligi
783 2663 898 2726 easque
921 2642 957 2706 in
970 2665 1047 2707 vasa

80 2727 194 2794 fictilia
216 2727 342 2790 coniici.
378 2726 493 2790 harum
511 2747 584 2792 cum
599 2725 754 2791 effecisset
771 2748 824 2791 ma
871 2749 923 2790 am
938 2727 1076 2790 multi-5

79 2809 239 2891 tudinem,
262 2809 312 2874 die
327 2810 408 2894 ipso,
430 2831 494 2892 quo
509 2811 652 2874 facturus
667 2814 737 2875 erat
749 2746 1046 2893 navaiiiproelium,

81 2893 262 2958 classiarios
290 2898 445 2958 convocat
471 2894 573 2976 iisque
597 2894 768 2978 praecipit,
800 2914 910 2958 omnes
942 2896 979 2955 ut
1010 2891 1046 2955 in

82 2997 181 3040 unam
207 2976 362 3042 Eumenis
393 2977 478 3062 regis
506 2982 698 3043 concurrant
727 2997 858 3058 navem,
885 2997 905 3039 a
933 2975 1045 3039 ceteris

81 3064 209 3124 tantum
237 3061 314 3125 satis
340 3062 483 3126 habeant
509 3083 543 3126 se
569 3061 747 3125 defendere.
789 3059 824 3123 id
851 3060 924 3124 illos
950 3059 1046 3124 facile

82 3141 279 3228 serpentium
300 3145 507 3210 multitudine
529 3149 765 3210 consecuturos.
808 3164 864 3207 rex
881 3146 987 3208 autem
1010 3145 1076 3208 ina

83 3246 146 3310 qua
166 3249 249 3294 nave
270 3229 450 3312 veheretur,
472 3232 510 3294 ut
530 3231 663 3312 scirent,
685 3251 719 3293 se
745 3228 921 3293 facturum:
950 3249 1047 3311 quem

83 3311 187 3376 siant
215 3313 375 3396 cepissent
401 3316 458 3377 aut
484 3313 729 3395 interfecissent,
751 3331 869 3396 magno
892 3311 931 3376 iis
952 3311 1046 3395 polli-

84 3399 172 3460 cetur
190 3398 335 3479 praemio
357 3396 438 3461 lore.
481 3398 540 3461 tali
562 3397 783 3461 cohortatione
800 3395 940 3459 militum
961 3393 1093 3458 factall

84 3477 191 3546 classis
214 3481 253 3544 ab
277 3481 421 3564 utrisque
449 3482 484 3545 in
509 3481 668 3565 proelium
694 3479 867 3545 deducitur.
911 3498 1046 3560 quarum
