2456 3884
324 281 396 329 vm.
435 280 692 331 rnnnsrnunus.
714 279 789 329 2-4.
993 271 1035 338 33

15 547 17 552 .
78 415 1035 596 fflffiiffillhfflllqblffiffiffiqffi

15 599 17 628 >
77 605 168 650 causa
195 584 257 648 dici
284 585 420 648 matrem
447 581 551 646 trmnh
577 583 653 648 flere
678 607 747 650 uon
774 585 885 652 solere.
928 600 1066 670 nequer

15 671 17 746 ὲ
76 673 180 732 tamen
204 689 265 751 pro
299 667 452 732 oinione
483 665 675 751 Thrasybuli
701 673 812 734 auctae
839 673 915 735 sunt
941 693 961 736 o
985 687 1034 736 es:

76 774 147 822 nam
160 753 225 816 iam
241 689 413 899 Qumlillis
427 751 624 834 temporibus
639 752 755 817 fortius
774 753 853 819 boni
866 775 925 839 pro
940 693 1035 818 liber·

15 865 16 914 3
76 840 138 900 tate
154 836 250 918 loque
274 838 370 900 antem
390 855 486 918 quam
503 835 702 920 pugnabant.
738 837 815 900 hino
835 837 870 901 in
884 837 1034 903 Piraeum
1201 875 1205 881 ·

15 943 16 946 ¹
76 919 199 984 transiit
226 917 497 1002 Munychiamque
523 919 671 984 munivit.
720 920 804 986 hano
831 922 880 986 bis
901 923 1063 1006 tyrannio

75 1023 260 1088 oppugnare
293 1005 369 1067 sunt
403 1001 522 1085 adorti,
555 1004 595 1067 ab
623 1024 660 1068 ea
683 1025 723 1068 ue
750 1005 887 1088 turpiter
912 1007 1033 1090 repulsi
1108 1047 1113 1056 ·

74 1087 221 1170 protinus
253 1087 289 1151 in
315 1085 427 1152 urbem
460 1087 557 1150 armis
582 1025 881 1172 impedimentisque
909 1090 1034 1154 amissis

15 1187 17 1242 ξ
73 1172 269 1268 refugerunt
317 1191 393 1234 usus
421 1173 469 1234 est
493 1169 711 1254 Thrasybulus
737 1192 805 1237 non
831 1173 937 1237 minus
958 1187 1063 1256 pru-e

15 1273 17 1296 ³
72 1255 184 1320 deutra
198 1276 294 1338 quam
306 1253 505 1318 fortitudine.
541 1273 618 1318 nam
632 1254 780 1320 cedentes
794 1256 908 1320 violari
929 1257 1033 1320 rehrit

15 1379 17 1446 ,
72 1341 173 1436 (cipes
196 1339 281 1402 enim
295 1337 416 1402 civibus
430 1358 560 1421 parcere
575 1359 712 1436 aequum
734 1341 907 1437 censebat),
928 1360 1033 1423 neque

15 1471 17 1576 ζ
74 1421 1034 1603 statuamus”substituta-{fit
1091 1522 1093 1527 ·

74 1591 137 1654 mai
164 1611 265 1673 arma,
300 1611 436 1673 quorum
461 1589 642 1674 mdrgebat,
675 1612 755 1674 quae
778 1613 818 1656 ue
845 1591 886 1655 ad
912 1592 1033 1658 rictum

15 1681 16 1692 ¹
73 1674 284 1757 pertinebant.
328 1675 364 1738 in
385 1673 523 1738 seeundo
544 1672 668 1757 proelio
690 1676 756 1740 ceci
781 1676 804 1740 't
819 1675 945 1759 Critias,
966 1677 1061 1742 duxr
1174 1749 1180 1760 ¹

15 1751 17 1780 ³
72 1764 297 1841 tyrannmum,
328 1778 400 1822 cum
428 1757 556 1841 quidem
586 1756 775 1824 exadversus
797 1758 1031 1844 Thrasybulum

72 1842 245 1907 fortissime
266 1845 434 1927 pugnaret.
579 1870 583 1878 ·

152 1925 227 1990 Hoc
249 1925 369 1990 deiecto
384 1925 560 1990 Pausanias
580 1926 671 1990 venit
684 1926 801 1990 Atticis
822 1927 951 2010 auxilio,
973 1947 1030 1990 rex
1047 1926 1067 1992 3

70 2009 406 2075 Lacedaemoniorum.
443 2009 570 2074 isinter
583 2008 819 2093 Thrasybulum
841 2015 874 2075 et
889 2031 952 2094 ecs,
975 2005 1032 2097 qai

70 2095 186 2158 urbem
207 2093 371 2176 tenebant,
399 2093 477 2158 fecit
497 2113 609 2176 paoem
632 2093 684 2158 his
705 2094 962 2159 condicionibus:
989 2114 1031 2158 ne

69 2179 124 2261 qui
147 2179 276 2262 praeter
294 2177 430 2262 triginta
450 2179 606 2260 tyrannm
634 2180 667 2242 et
688 2176 809 2262 decem,
837 2178 893 2261 qui
919 2182 1032 2262 postea

69 2264 233 2345 praetores
248 2261 346 2326 creati
361 2261 534 2346 superioris
548 2282 637 2327 more
652 2261 849 2327 crudelitatis
864 2264 957 2326 erant
971 2265 1030 2346 usi,

68 2345 274 2410 afficerentur
296 2345 391 2411 exilio
412 2367 493 2411 neve
515 2348 600 2410 bona
626 2345 880 2429 publicarentur:
906 2345 953 2408 rei
974 2366 1031 2427 pu·

69 2429 169 2494 blicae
191 2431 375 2513 procuratio
389 2429 510 2526 populo
525 2427 719 2493 redderetur.
754 2427 953 2511 praeclarum
967 2428 1060 2492 hoca

68 2533 197 2595 quoque
211 2512 414 2597 Thrasybuli,
436 2510 523 2596 quod
537 2511 742 2578 reconciliata
756 2531 844 2594 paee,
867 2532 940 2575 cum
960 2511 1030 2594 plu-

68 2597 186 2660 rimum
207 2597 243 2660 in
264 2596 393 2662 civitate
414 2600 536 2680 posset,
558 2596 663 2682 legem
683 2595 773 2679 tulit,
798 2615 840 2659 ne
862 2595 934 2679 quis
955 2599 1030 2660 ante

68 2683 211 2744 actarum
232 2701 340 2745 rerum
361 2684 562 2745 accusaretur
582 2701 663 2745 neve
677 2679 875 2764 multaretur,
897 2701 1030 2763 eamque

67 2763 115 2826 illi
131 2763 305 2827 oblivionis
327 2764 538 2860 appellarunt.
581 2784 685 2847 neque
700 2785 776 2828 vero
797 2763 881 2828 hane
902 2766 1060 2827 tantuma

68 2845 234 2911 ferendam
249 2851 387 2930 curant,
409 2847 465 2911 sed
486 2848 583 2911 stiam
604 2850 642 2912 ut
655 2847 776 2912 valeret
797 2847 912 2913 effecit.
953 2867 1030 2910 nam

66 2950 140 2994 cum
164 2929 294 3014 quidam
316 2951 355 2994 cx
376 2931 426 3014 iis,
448 2931 621 3015 quisimul
642 2952 715 2996 cum
736 2952 773 2995 eo
796 2930 831 2993 in
846 2928 941 2994 exilio
963 2929 1030 2994 fue·

65 3018 155 3096 rant,
184 3013 313 3079 caedem
335 3017 439 3080 facere
462 3035 572 3084 eorum
594 3014 728 3096 vellent,
757 3034 829 3076 cum
857 3012 976 3096 quibus
995 3014 1030 3078 in

64 3098 204 3180 gratiam
226 3097 364 3164 reditum
387 3102 455 3163 erat
475 3098 618 3182 publice,
646 3097 813 3182 prohibuit
835 3099 868 3161 et
888 3095 921 3160 id
944 3098 1030 3183 quod

63 3181 230 3262 pollicitus
253 3187 321 3246 erat
341 3183 511 3265 praestitit.

150 3265 238 3344 Huic,
263 3287 321 3349 pro
348 3267 448 3330 tantis
475 3266 597 3330 meritis
629 3264 762 3330 honoris
789 3285 908 3331 corona
932 3287 952 3330 a
972 3267 1063 3349 po-4

60 3350 141 3429 pulo
166 3348 241 3414 data
263 3353 320 3433 est,
341 3349 428 3414 facta
442 3347 563 3414 duabus
578 3348 712 3433 virgulis
734 3347 898 3434 olcaginia.
933 3371 1028 3432 quam

60 3433 152 3514 quod
180 3454 272 3504 aanor
293 3433 410 3497 civium
438 3436 471 3496 et
497 3453 565 3497 non
591 3433 639 3498 vie
667 3437 880 3516 expresserat,
906 3433 1027 3496 nullam

59 3513 178 3582 babuit
205 3516 361 3581 invidiam
388 3521 569 3602 magnaque
590 3516 654 3581 fuit
674 3517 786 3601 gloria.
841 3517 921 3580 bene
949 3525 1055 3598 ergon

109 3618 246 3661 ccamrue
259 3618 343 3660 Nanos
808 3623 824 3669 ³
