2456 3884
418 279 490 328 xlv.
530 279 706 328 DATAMES.
729 276 804 326 3-5.
1048 267 1088 332 51

120 420 196 484 illos
217 416 355 502 imperio
379 436 447 480 esse
468 416 581 488 iussit..
608 419 721 499 postea
740 437 817 480 vero
840 438 936 500 quam
950 416 1093 482 Pharna-

119 505 238 568 bazum
259 523 317 566 rex
340 502 513 585 revocavit,
535 501 590 564 illi'
601 521 726 567 summa
746 500 873 584 imperii
895 501 1013 566 tradita
1035 507 1092 566 est.

206 585 269 651 Hic
298 607 373 650 cum
399 585 538 650 maximo
561 585 667 649 studio
693 591 894 668 compararet
921 586 1130 652 exercitum4

118 676 373 758 Aegyptumque
388 670 548 753 proficisci
562 673 699 754 pararet,
714 670 821 734 subito
837 693 857 734 a
875 690 951 755 rege
965 671 1092 735 litterae

117 761 198 821 sunt
220 756 250 820 ei
271 756 403 837 missac,
424 757 462 818 ut
481 754 596 837 Aspim
619 754 847 839 aggrederetur
897 754 952 837 qui
979 755 1092 820 Catao-

118 843 210 906 niam
231 840 379 905 tenebat:
413 859 495 922 quae
518 858 597 923 gens
618 839 702 904 iacet
723 860 820 922 supra
842 804 996 923 diliciam,
1019 861 1092 904 con·

119 927 195 990 finis
218 922 450 1008 Cappadociae.
494 944 634 1006 namque
654 922 766 1070 Aspis,
792 923 967 988 saltuosam
988 925 1122 1008 regio-s

1 1036 2 1071 1
120 1031 197 1074 nem
220 1007 425 1090 castellisque
449 1007 607 1072 munitam
628 1008 701 1072 inco
717 1029 788 1092 ens,
815 1029 883 1073 non
904 1009 1009 1074 solum
1036 1008 1093 1075 im·

1 1159 2 1162 ,
119 1093 214 1178 perio
229 1093 317 1177 regis
330 1112 398 1156 non
419 1093 567 1175 parebat,
589 1091 645 1155 sed
666 1092 762 1158 etiam
777 1093 931 1158 finitimas
945 1115 979 1158 re
1005 1093 1093 1157 'ones

1 1234 2 1238 ,
120 1177 261 1242 vexabat
282 1180 315 1242 et
336 1197 418 1260 quae
439 1177 508 1260 regi
530 1179 737 1259 portarentur
763 1177 950 1260 abripiebat
1026 1183 1122 1242 ata-3

121 1283 203 1344 mes,
226 1263 284 1324 etsi
305 1261 402 1345 longe
418 1261 528 1324 aberat
550 1261 590 1324 ab
613 1260 664 1324 his
684 1261 870 1346 regionibus
885 1265 918 1325 et
939 1261 1092 1326 amariore

122 1367 159 1410 re
182 1345 440 1428 abstrahebatur,
467 1350 577 1410 tamen
604 1345 690 1429 regis
713 1345 874 1410 voluntati
895 1366 1018 1410 morem
1040 1365 1093 1431 ge·

1 1452 2 1455 ¹
119 1429 258 1495 rendum
285 1429 420 1514 putavit.
464 1430 574 1512 itaque
603 1451 675 1494 cum
699 1430 825 1514 paucis,
848 1429 904 1496 sed
925 1429 1002 1494 viris
1029 1429 1093 1492 for-

1 1593 2 1597 ,
120 1516 208 1579 tibus
236 1535 354 1578 navem
382 1513 583 1597 conscendit,
615 1515 815 1597 existimans,
849 1513 935 1597 quod
969 1514 1092 1597 accidit,

123 1599 249 1664 facilius
278 1619 312 1662 se
340 1597 577 1682 imprudentem
608 1621 709 1682 parva
736 1620 835 1664 manu
866 1619 1093 1683 oppressurum

1 1709 2 1754 1
123 1705 220 1768 quam
241 1689 391 1767 paratum
416 1683 561 1765 quamuis
592 1702 711 1768 magno
733 1683 883 1747 exercitu.
924 1683 986 1748 hac
1008 1685 1122 1748 dela-4

1 1793 2 1817 i
90 1775 98 1784 “
120 1771 174 1832 tus
196 1769 232 1832 in
255 1767 416 1848 Ciliciam,
446 1785 592 1851 egressus
618 1767 707 1849 inde,
736 1767 802 1832 dies
829 1771 1005 1851 noctesque
1032 1768 1093 1832 iter

1 1852 2 1924 l
121 1851 247 1917 faciens
267 1851 409 1915 Taurum
431 1851 561 1916 transiit
582 1872 695 1934 eoque,
717 1872 781 1933 quo
796 1851 971 1933 studuerat,
993 1852 1091 1915 venit.

1 1984 2 2021 ,
124 1936 260 2020 quaerit,
284 1927 398 2018 quibus
413 1935 492 2000 locis
516 1936 559 2000 sit
572 1935 684 2018 Aspis:
708 1935 875 2020 cognoscit
896 1934 982 1999 haud
995 1935 1093 2018 longe

1 2035 2 2106 ,
124 2020 236 2084 abesse
257 2019 499 2103 profectumque
521 2041 595 2083 eum
617 2022 777 2083 venatum.
822 2041 904 2102 quae
927 2019 1002 2083 dum
1024 2040 1093 2102 spe·

1 2117 2 2126 ’
125 2105 268 2186 culatur,
300 2105 454 2168 adrentus
482 2105 550 2168 cius
577 2124 673 2168 causa
703 2104 916 2188 cognoscitur.
967 2103 1092 2168 Pisidas

1 2192 2 2272 l
122 2208 197 2252 cum
222 2188 280 2271 eis,
303 2208 384 2271 quos
406 2209 514 2252 secum
527 2188 684 2269 habebat,
706 2187 747 2252 ad
761 2188 973 2254 resistendum
994 2189 1091 2272 Aspis

1 2296 2 2314 ¹
123 2275 301 2355 comparat
332 2271 365 2335 id
380 2270 533 2337 Datames
555 2272 611 2337 ubi
629 2271 760 2356 audivit,
784 2295 873 2338 arma
887 2275 994 2356 sumit,
1017 2281 1121 2336 ruosb

124 2356 215 2441 sequi
237 2356 340 2420 iubet:
366 2357 435 2442 ipse
449 2363 541 2439 'equo
563 2357 723 2421 concitato
746 2357 787 2421 ad
807 2356 933 2422 hostem
953 2357 1091 2420 vehitur.

125 2460 220 2522 quem
242 2441 355 2523 procul
376 2441 474 2524 Aspis
499 2441 699 2523 conspiciens
721 2439 762 2503 ad
789 2461 822 2504 se
844 2439 1001 2506 ferentem
1021 2460 1092 2522 per-

122 2525 264 2588 timescit
291 2527 387 2608 atque
420 2546 440 2588 a
472 2528 590 2590 conatu
622 2523 791 2587 resistendi
824 2523 992 2588 deterritus
1024 2545 1092 2588 sese

122 2606 255 2672 dedidit.
292 2609 379 2672 hunc
393 2607 546 2673 Datames
567 2608 712 2672 vinctum
734 2605 774 2672 ad
788 2627 898 2692 regem
914 2607 1092 2674 ducendum

121 2691 222 2755 tradit
243 2691 434 2758 Mithridati.

207 2773 297 2840 Haec
319 2777 394 2840 dum
416 2779 588 2862 geruntur,
609 2778 805 2842 merres
826 2777 1050 2858 reminiscens,
1073 2776 1128 2840 ab

122 2863 246 2942 quanto
260 2859 346 2925 bello
369 2860 521 2944 adquam
536 2882 670 2944 parvam
692 2882 759 2926 rem
774 2861 953 2944 principem
974 2858 1091 2924 ducum

121 2943 277 3027 misisset,
302 2945 426 3028 seipse
454 2944 662 3028 reprehendit
683 2949 715 3009 et
735 2946 887 3008 nuntium
912 2941 952 3006 ad
974 2945 1091 3008 exerci-

121 3031 193 3090 tum
214 3030 306 3092 Acen
327 3029 430 3112 misit,
452 3028 540 3112 quod
561 3027 706 3095 nondum
727 3027 888 3092 Datamen
909 3027 1091 3110 profectum

121 3111 273 3194 putabat,
296 3113 352 3196 qui
374 3111 507 3195 diceret,
529 3133 571 3176 ne
592 3113 634 3178 ab
653 3111 793 3176 exercitu
809 3109 994 3177 discederet.
1037 3113 1091 3177 hic

120 3194 310 3278 priusquam
331 3197 528 3279 perveniret,
551 3217 615 3280 quo
639 3200 708 3261 erat
723 3194 903 3280 profectus,
925 3197 960 3260 in
975 3196 1091 3261 itinere

0 3283 1 3290 ’
121 3279 289 3362 convenit,
317 3281 373 3363 qui
394 3281 509 3364 Aspim
530 3279 698 3346 ducebant.
748 3301 812 3364 qua
833 3280 995 3345 celeritate
1017 3293 1120 3345 cums

120 3382 276 3448 mamam
303 3364 557 3429 benivolentiam
591 3365 677 3450 regis
712 3362 866 3430 Datames
902 3367 1090 3430 consecutus

120 3451 216 3530 esset,
230 3468 299 3512 non
313 3447 473 3513 minorem
487 3447 642 3514 invidiam
657 3448 834 3514 aulicorum
850 3447 973 3530 excepit
1004 3448 1090 3529 quod

118 3530 214 3596 illum
247 3533 350 3596 unum
376 3532 480 3616 pluris
508 3552 605 3615 quam
632 3553 666 3596 se
693 3553 804 3597 omnes
831 3531 901 3596 fieri
928 3496 1088 3592 ridebant.

847 3631 883 3682 4*
954 3625 958 3632 '
