<?xml version="1.0" encoding="UTF-8"?>
<!DOCTYPE html PUBLIC "-//W3C//DTD XHTML 1.0 Transitional//EN"
    "http://www.w3.org/TR/xhtml1/DTD/xhtml1-transitional.dtd">
<html xmlns="http://www.w3.org/1999/xhtml" xml:lang="en" lang="en">
 <head>
  <title>
</title>
<meta http-equiv="Content-Type" content="text/html;charset=utf-8" />
  <meta name='ocr-system' content='tesseract 3.04.00' />
  <meta name='ocr-capabilities' content='ocr_page ocr_carea ocr_par ocr_line ocrx_word'/>
</head>
<body>
  <div class='ocr_page' id='page_1' title='image "./corneliinepotis00halmgoog_0012.png"; bbox 0 0 2456 3884; ppageno 0'>
   <div class='ocr_carea' id='block_1_1' title="bbox 167 250 830 341">
    <p class='ocr_par' dir='ltr' id='par_1_1' title="bbox 167 250 830 341">
     <span class='ocr_line' id='line_1_1' title="bbox 167 250 830 341; baseline -0.014 -12"><span class='ocrx_word' id='word_1_1' title='bbox 167 263 189 329; x_wconf 87' lang='grc'>6</span> <span class='ocrx_word' id='word_1_2' title='bbox 345 250 350 259; x_wconf 83' lang='grc'>’</span> <span class='ocrx_word' id='word_1_3' title='bbox 473 276 497 341; x_wconf 87' lang='lat'><strong>1,</strong></span> <span class='ocrx_word' id='word_1_4' title='bbox 532 273 733 324; x_wconf 73' lang='lat' dir='ltr'><strong>uurrsnus.</strong></span> <span class='ocrx_word' id='word_1_5' title='bbox 754 269 830 320; x_wconf 80' lang='lat' dir='ltr'><strong>t-r.</strong></span> 
     </span>
    </p>
   </div>
   <div class='ocr_carea' id='block_1_2' title="bbox 132 389 1134 810">
    <p class='ocr_par' dir='ltr' id='par_1_2' title="bbox 132 389 1134 810">
     <span class='ocr_line' id='line_1_2' title="bbox 169 389 1133 504; baseline -0.004 -26"><span class='ocrx_word' id='word_1_6' title='bbox 169 434 237 478; x_wconf 90' lang='lat' dir='ltr'><strong>non</strong></span> <span class='ocrx_word' id='word_1_7' title='bbox 264 417 383 494; x_wconf 67' lang='lat' dir='ltr'><strong>outa,</strong></span> <span class='ocrx_word' id='word_1_8' title='bbox 411 409 466 475; x_wconf 91' lang='lat' dir='ltr'><strong>sed</strong></span> <span class='ocrx_word' id='word_1_9' title='bbox 491 431 591 475; x_wconf 81' lang='lat' dir='ltr'><strong>naves</strong></span> <span class='ocrx_word' id='word_1_10' title='bbox 618 409 778 494; x_wconf 90' lang='lat' dir='ltr'><strong>petierint.</strong></span> <span class='ocrx_word' id='word_1_11' title='bbox 813 429 893 504; x_wconf 28' lang='lat' dir='ltr'><strong>‘qua</strong></span> <span class='ocrx_word' id='word_1_12' title='bbox 909 389 1031 494; x_wconf 86' lang='lat' dir='ltr'><strong>¹pugna</strong></span> <span class='ocrx_word' id='word_1_13' title='bbox 1051 410 1133 474; x_wconf 87' lang='lat' dir='ltr'><strong>nihil</strong></span> 
     </span>
     <span class='ocr_line' id='line_1_3' title="bbox 169 493 1133 594; baseline -0.004 -32"><span class='ocrx_word' id='word_1_14' title='bbox 169 497 272 594; x_wconf 75' lang='lat' dir='ltr'><strong>adbuc</strong></span> <span class='ocrx_word' id='word_1_15' title='bbox 304 494 429 560; x_wconf 84' lang='lat' dir='ltr'><strong>exstitit</strong></span> <span class='ocrx_word' id='word_1_16' title='bbox 454 495 610 559; x_wconf 78' lang='lat' dir='ltr'><strong>nobilius:</strong></span> <span class='ocrx_word' id='word_1_17' title='bbox 647 493 738 558; x_wconf 84' lang='lat' dir='ltr'><strong>nulla</strong></span> <span class='ocrx_word' id='word_1_18' title='bbox 769 513 856 590; x_wconf 62' lang='lat' dir='ltr'><strong>enim</strong></span> <span class='ocrx_word' id='word_1_19' title='bbox 888 514 1041 577; x_wconf 84' lang='lat' dir='ltr'><strong>umquam</strong></span> <span class='ocrx_word' id='word_1_20' title='bbox 1067 499 1133 558; x_wconf 88' lang='lat' dir='ltr'><strong>tam</strong></span> 
     </span>
     <span class='ocr_line' id='line_1_4' title="bbox 132 580 1134 810; baseline -0.005 -77"><span class='ocrx_word' id='word_1_21' title='bbox 132 668 153 733; x_wconf 91' lang='grc'><strong>6</strong></span> <span class='ocrx_word' id='word_1_22' title='bbox 170 580 914 732; x_wconf 48' lang='lat' dir='ltr'><strong>enguduildililidtotir&#39;laemndrliedhldirodddaldldetur</strong></span> <span class='ocrx_word' id='word_1_23' title='bbox 929 662 1023 810; x_wconf 55' lang='lat' dir='ltr'><strong>‹puale</strong></span> <span class='ocrx_word' id='word_1_24' title='bbox 1045 683 1134 747; x_wconf 90' lang='lat' dir='ltr'><strong>prae·</strong></span> 
     </span>
    </p>
   </div>
   <div class='ocr_carea' id='block_1_3' title="bbox 111 745 1167 2596">
    <p class='ocr_par' dir='ltr' id='par_1_3' title="bbox 111 745 1167 2596">
     <span class='ocr_line' id='line_1_5' title="bbox 169 745 1134 829; baseline -0.002 -16"><span class='ocrx_word' id='word_1_25' title='bbox 169 750 269 814; x_wconf 90' lang='lat' dir='ltr'><strong>mium</strong></span> <span class='ocrx_word' id='word_1_26' title='bbox 290 747 431 812; x_wconf 80' lang='lat' dir='ltr'>Miltiadi</span> <span class='ocrx_word' id='word_1_27' title='bbox 452 749 495 812; x_wconf 89' lang='lat' dir='ltr'><strong>sit</strong></span> <span class='ocrx_word' id='word_1_28' title='bbox 515 748 673 812; x_wconf 86' lang='lat' dir='ltr'><strong>tributum</strong></span> <span class='ocrx_word' id='word_1_29' title='bbox 693 745 821 828; x_wconf 88' lang='lat' dir='ltr'><strong>docere,</strong></span> <span class='ocrx_word' id='word_1_30' title='bbox 851 767 915 829; x_wconf 92' lang='lat' dir='ltr'><strong>quo</strong></span> <span class='ocrx_word' id='word_1_31' title='bbox 952 747 1065 812; x_wconf 85' lang='lat' dir='ltr'><strong>acilius</strong></span> <span class='ocrx_word' id='word_1_32' title='bbox 1087 749 1134 811; x_wconf 91' lang='lat' dir='ltr'><strong>in·</strong></span> 
     </span>
     <span class='ocr_line' id='line_1_6' title="bbox 168 830 1134 918; baseline -0.001 -21"><span class='ocrx_word' id='word_1_33' title='bbox 168 833 279 918; x_wconf 75' lang='lat' dir='ltr'>tellegi</span> <span class='ocrx_word' id='word_1_34' title='bbox 307 833 410 916; x_wconf 80' lang='lat' dir='ltr'>possit</span> <span class='ocrx_word' id='word_1_35' title='bbox 432 831 565 896; x_wconf 86' lang='lat' dir='ltr'><strong>eandem</strong></span> <span class='ocrx_word' id='word_1_36' title='bbox 587 831 730 896; x_wconf 88' lang='lat' dir='ltr'><strong>omnium</strong></span> <span class='ocrx_word' id='word_1_37' title='bbox 752 830 920 895; x_wconf 85' lang='lat' dir='ltr'><strong>civitatum</strong></span> <span class='ocrx_word' id='word_1_38' title='bbox 947 852 1015 896; x_wconf 89' lang='lat' dir='ltr'><strong>esse</strong></span> <span class='ocrx_word' id='word_1_39' title='bbox 1042 835 1134 897; x_wconf 89' lang='lat' dir='ltr'><strong>natu-</strong></span> 
     </span>
     <span class='ocr_line' id='line_1_7' title="bbox 139 914 1134 1001; baseline -0.001 -20"><span class='ocrx_word' id='word_1_40' title='bbox 139 935 248 982; x_wconf 81' lang='lat' dir='ltr'><strong>aram.</strong></span> <span class='ocrx_word' id='word_1_41' title='bbox 302 921 348 982; x_wconf 89' lang='lat' dir='ltr'><strong>ut&#39;</strong></span> <span class='ocrx_word' id='word_1_42' title='bbox 367 917 464 981; x_wconf 89' lang='lat' dir='ltr'><strong>enim·</strong></span> <span class='ocrx_word' id='word_1_43' title='bbox 485 915 599 1001; x_wconf 88' lang='lat' dir='ltr'><strong>populi</strong></span> <span class='ocrx_word' id='word_1_44' title='bbox 625 914 763 980; x_wconf 86' lang='lat' dir='ltr'><strong>Romani</strong></span> <span class='ocrx_word' id='word_1_45' title='bbox 796 914 937 980; x_wconf 80' lang='lat' dir='ltr'><strong>honores</strong></span> <span class='ocrx_word' id='word_1_46' title='bbox 972 915 1134 998; x_wconf 86' lang='lat' dir='ltr'><strong>quondam</strong></span> 
     </span>
     <span class='ocr_line' id='line_1_8' title="bbox 170 1000 1133 1084; baseline 0.001 -20"><span class='ocrx_word' id='word_1_47' title='bbox 170 1004 302 1066; x_wconf 86' lang='lat' dir='ltr'><strong>fuerunt</strong></span> <span class='ocrx_word' id='word_1_48' title='bbox 322 1000 388 1065; x_wconf 85' lang='lat' dir='ltr'><strong>reri</strong></span> <span class='ocrx_word' id='word_1_49' title='bbox 415 1004 448 1065; x_wconf 91' lang='lat' dir='ltr'><strong>et</strong></span> <span class='ocrx_word' id='word_1_50' title='bbox 473 1004 587 1064; x_wconf 87' lang='lat' dir='ltr'><strong>tenues</strong></span> <span class='ocrx_word' id='word_1_51' title='bbox 614 1001 656 1065; x_wconf 96' lang='lat' dir='ltr'><strong>ob</strong></span> <span class='ocrx_word' id='word_1_52' title='bbox 683 1019 816 1083; x_wconf 86' lang='lat' dir='ltr'><strong>eamque</strong></span> <span class='ocrx_word' id='word_1_53' title='bbox 840 1019 968 1064; x_wconf 81' lang='lat' dir='ltr'><strong>causam</strong></span> <span class='ocrx_word' id='word_1_54' title='bbox 990 1000 1133 1084; x_wconf 80' lang='lat' dir='ltr'><strong>gloriosi,</strong></span> 
     </span>
     <span class='ocr_line' id='line_1_9' title="bbox 169 1083 1133 1168; baseline -0.002 -17"><span class='ocrx_word' id='word_1_55' title='bbox 169 1107 257 1151; x_wconf 87' lang='lat' dir='ltr'><strong>nunc</strong></span> <span class='ocrx_word' id='word_1_56' title='bbox 271 1089 379 1150; x_wconf 89' lang='lat' dir='ltr'><strong>autem</strong></span> <span class='ocrx_word' id='word_1_57' title='bbox 394 1085 486 1149; x_wconf 86' lang='lat' dir='ltr'><strong>effusi</strong></span> <span class='ocrx_word' id='word_1_58' title='bbox 501 1088 598 1168; x_wconf 90' lang='lat' dir='ltr'><strong>atque</strong></span> <span class='ocrx_word' id='word_1_59' title='bbox 613 1084 763 1167; x_wconf 87' lang='lat' dir='ltr'><strong>obsoleti,</strong></span> <span class='ocrx_word' id='word_1_60' title='bbox 781 1084 828 1150; x_wconf 89' lang='lat' dir='ltr'><strong>sio</strong></span> <span class='ocrx_word' id='word_1_61' title='bbox 842 1083 920 1148; x_wconf 89' lang='lat' dir='ltr'><strong>olim</strong></span> <span class='ocrx_word' id='word_1_62' title='bbox 935 1105 954 1147; x_wconf 91' lang='lat' dir='ltr'><strong>a</strong></span> <span class='ocrx_word' id='word_1_63' title='bbox 976 1083 1020 1148; x_wconf 92' lang='lat' dir='ltr'><strong>ud</strong></span> <span class='ocrx_word' id='word_1_64' title='bbox 1033 1085 1133 1149; x_wconf 89' lang='lat' dir='ltr'><strong>Athe-</strong></span> 
     </span>
     <span class='ocr_line' id='line_1_10' title="bbox 117 1167 1133 1254; baseline -0.001 -20"><span class='ocrx_word' id='word_1_65' title='bbox 117 1172 298 1236; x_wconf 84' lang='lat' dir='ltr'><strong>·anienses</strong></span> <span class='ocrx_word' id='word_1_66' title='bbox 318 1169 418 1234; x_wconf 84' lang='lat' dir='ltr'><strong>fuisse</strong></span> <span class='ocrx_word' id='word_1_67' title='bbox 439 1170 624 1252; x_wconf 89' lang='lat' dir='ltr'><strong>reperimus.</strong></span> <span class='ocrx_word' id='word_1_68' title='bbox 661 1189 736 1232; x_wconf 86' lang='lat' dir='ltr'><strong>nam</strong></span> <span class='ocrx_word' id='word_1_69' title='bbox 760 1187 800 1231; x_wconf 89' lang='lat' dir='ltr'><strong>ue</strong></span> <span class='ocrx_word' id='word_1_70' title='bbox 815 1167 892 1232; x_wconf 91' lang='lat' dir='ltr'><strong>huic</strong></span> <span class='ocrx_word' id='word_1_71' title='bbox 945 1167 1054 1250; x_wconf 90' lang='lat' dir='ltr'><strong>&#39;tiadi,</strong></span> <span class='ocrx_word' id='word_1_72' title='bbox 1077 1169 1133 1254; x_wconf 86' lang='lat' dir='ltr'><strong>qui</strong></span> 
     </span>
     <span class='ocr_line' id='line_1_11' title="bbox 171 1251 1133 1336; baseline -0.002 -16"><span class='ocrx_word' id='word_1_73' title='bbox 171 1257 316 1320; x_wconf 78' lang='lat' dir='ltr'><strong>Athenas</strong></span> <span class='ocrx_word' id='word_1_74' title='bbox 343 1257 509 1336; x_wconf 86' lang='lat' dir='ltr'><strong>totamque</strong></span> <span class='ocrx_word' id='word_1_75' title='bbox 536 1253 703 1317; x_wconf 76' lang='lat' dir='ltr'><strong>Graeciam</strong></span> <span class='ocrx_word' id='word_1_76' title='bbox 729 1252 754 1315; x_wconf 90' lang='lat' dir='ltr'><strong>li</strong></span> <span class='ocrx_word' id='word_1_77' title='bbox 776 1256 895 1335; x_wconf 76' lang='lat' dir='ltr'><strong>ararat,</strong></span> <span class='ocrx_word' id='word_1_78' title='bbox 923 1251 997 1316; x_wconf 85' lang='lat' dir='ltr'><strong>telis</strong></span> <span class='ocrx_word' id='word_1_79' title='bbox 1027 1252 1133 1318; x_wconf 85' lang='lat' dir='ltr'><strong>honos</strong></span> 
     </span>
     <span class='ocr_line' id='line_1_12' title="bbox 169 1335 1133 1422; baseline -0.002 -18"><span class='ocrx_word' id='word_1_80' title='bbox 169 1340 309 1404; x_wconf 88' lang='lat' dir='ltr'><strong>tributus</strong></span> <span class='ocrx_word' id='word_1_81' title='bbox 330 1342 388 1422; x_wconf 87' lang='lat' dir='ltr'><strong>est,</strong></span> <span class='ocrx_word' id='word_1_82' title='bbox 411 1338 446 1402; x_wconf 89' lang='lat' dir='ltr'><strong>in</strong></span> <span class='ocrx_word' id='word_1_83' title='bbox 467 1337 610 1421; x_wconf 89' lang='lat' dir='ltr'><strong>porticu,</strong></span> <span class='ocrx_word' id='word_1_84' title='bbox 639 1358 720 1421; x_wconf 89' lang='lat' dir='ltr'><strong>quae</strong></span> <span class='ocrx_word' id='word_1_85' title='bbox 742 1335 870 1401; x_wconf 77' lang='lat' dir='ltr'><strong>Poecile</strong></span> <span class='ocrx_word' id='word_1_86' title='bbox 892 1342 1038 1420; x_wconf 87' lang='lat' dir='ltr'><strong>vocatur,</strong></span> <span class='ocrx_word' id='word_1_87' title='bbox 1062 1359 1133 1402; x_wconf 88' lang='lat' dir='ltr'><strong>curn</strong></span> 
     </span>
     <span class='ocr_line' id='line_1_13' title="bbox 170 1419 1134 1507; baseline -0.001 -20"><span class='ocrx_word' id='word_1_88' title='bbox 170 1445 280 1507; x_wconf 84' lang='lat' dir='ltr'><strong>pugna</strong></span> <span class='ocrx_word' id='word_1_89' title='bbox 301 1423 529 1506; x_wconf 74' lang='lat' dir='ltr'><strong>depingeretur</strong></span> <span class='ocrx_word' id='word_1_90' title='bbox 550 1419 767 1502; x_wconf 75' lang='lat' dir='ltr'><strong>Marathonia,</strong></span> <span class='ocrx_word' id='word_1_91' title='bbox 790 1424 827 1484; x_wconf 91' lang='lat' dir='ltr'><strong>ut</strong></span> <span class='ocrx_word' id='word_1_92' title='bbox 858 1421 893 1484; x_wconf 86' lang='lat' dir='ltr'><strong>in</strong></span> <span class='ocrx_word' id='word_1_93' title='bbox 915 1419 1024 1486; x_wconf 86' lang='lat' dir='ltr'><strong>decem</strong></span> <span class='ocrx_word' id='word_1_94' title='bbox 1044 1443 1134 1505; x_wconf 88' lang='lat' dir='ltr'><strong>prae·</strong></span> 
     </span>
     <span class='ocr_line' id='line_1_14' title="bbox 170 1504 1134 1652; baseline 0 -82"><span class='ocrx_word' id='word_1_95' title='bbox 170 1511 278 1571; x_wconf 90' lang='lat' dir='ltr'><strong>torum</strong></span> <span class='ocrx_word' id='word_1_96' title='bbox 291 1526 425 1568; x_wconf 91' lang='lat' dir='ltr'><strong>numero</strong></span> <span class='ocrx_word' id='word_1_97' title='bbox 440 1505 545 1588; x_wconf 88' lang='lat' dir='ltr'><strong>prima</strong></span> <span class='ocrx_word' id='word_1_98' title='bbox 559 1504 627 1568; x_wconf 87' lang='lat' dir='ltr'><strong>eius</strong></span> <span class='ocrx_word' id='word_1_99' title='bbox 643 1505 751 1590; x_wconf 88' lang='lat' dir='ltr'><strong>imago</strong></span> <span class='ocrx_word' id='word_1_100' title='bbox 766 1508 941 1588; x_wconf 72' lang='lat' dir='ltr'><strong>poneretur</strong></span> <span class='ocrx_word' id='word_1_101' title='bbox 954 1505 1046 1652; x_wconf 57' lang='lat' dir='ltr'><strong>ispue</strong></span> <span class='ocrx_word' id='word_1_102' title='bbox 1059 1505 1134 1570; x_wconf 89' lang='lat' dir='ltr'><strong>hor-</strong></span> 
     </span>
     <span class='ocr_line' id='line_1_15' title="bbox 111 1588 1134 1684; baseline 0.003 -32"><span class='ocrx_word' id='word_1_103' title='bbox 111 1603 115 1610; x_wconf 82' lang='lat'><em>·</em></span> <span class='ocrx_word' id='word_1_104' title='bbox 139 1589 293 1654; x_wconf 76' lang='lat' dir='ltr'><strong>staretur</strong></span> <span class='ocrx_word' id='word_1_105' title='bbox 313 1588 431 1653; x_wconf 85' lang='lat' dir='ltr'><strong>milites</strong></span> <span class='ocrx_word' id='word_1_106' title='bbox 453 1588 675 1684; x_wconf 86' lang='lat' dir='ltr'><strong>proeliumque</strong></span> <span class='ocrx_word' id='word_1_107' title='bbox 695 1589 917 1654; x_wconf 86' lang='lat' dir='ltr'><strong>committeret</strong></span> <span class='ocrx_word' id='word_1_108' title='bbox 973 1590 985 1652; x_wconf 94' lang='lat' dir='ltr'><strong>i</strong></span> <span class='ocrx_word' id='word_1_109' title='bbox 1007 1611 1058 1654; x_wconf 89' lang='lat' dir='ltr'><strong>em</strong></span> <span class='ocrx_word' id='word_1_110' title='bbox 1079 1589 1134 1655; x_wconf 95' lang='lat' dir='ltr'><strong>ille</strong></span> 
     </span>
     <span class='ocr_line' id='line_1_16' title="bbox 170 1673 1135 1756; baseline 0.004 -20"><span class='ocrx_word' id='word_1_111' title='bbox 170 1673 318 1756; x_wconf 87' lang='lat' dir='ltr'><strong>populus,</strong></span> <span class='ocrx_word' id='word_1_112' title='bbox 340 1676 549 1756; x_wconf 82' lang='lat' dir='ltr'><strong>posteaquam</strong></span> <span class='ocrx_word' id='word_1_113' title='bbox 570 1693 673 1736; x_wconf 81' lang='lat' dir='ltr'><strong>marus</strong></span> <span class='ocrx_word' id='word_1_114' title='bbox 695 1674 864 1756; x_wconf 88' lang='lat' dir='ltr'><strong>imperium</strong></span> <span class='ocrx_word' id='word_1_115' title='bbox 893 1676 942 1737; x_wconf 85' lang='lat' dir='ltr'><strong>est</strong></span> <span class='ocrx_word' id='word_1_116' title='bbox 965 1678 1080 1738; x_wconf 88' lang='lat' dir='ltr'><strong>nactus</strong></span> <span class='ocrx_word' id='word_1_117' title='bbox 1102 1679 1135 1740; x_wconf 89' lang='lat' dir='ltr'><strong>et</strong></span> 
     </span>
     <span class='ocr_line' id='line_1_17' title="bbox 170 1757 1134 1842; baseline 0.002 -20"><span class='ocrx_word' id='word_1_118' title='bbox 170 1758 342 1842; x_wconf 78' lang='lat' dir='ltr'><strong>largitione</strong></span> <span class='ocrx_word' id='word_1_119' title='bbox 363 1757 608 1842; x_wconf 84' lang='lat' dir='ltr'><strong>magistratuum</strong></span> <span class='ocrx_word' id='word_1_120' title='bbox 623 1760 791 1840; x_wconf 86' lang='lat' dir='ltr'><strong>corruptus</strong></span> <span class='ocrx_word' id='word_1_121' title='bbox 812 1761 875 1839; x_wconf 89' lang='lat' dir='ltr'><strong>est,</strong></span> <span class='ocrx_word' id='word_1_122' title='bbox 897 1761 1057 1824; x_wconf 84' lang='lat' dir='ltr'><strong>trecentas</strong></span> <span class='ocrx_word' id='word_1_123' title='bbox 1072 1762 1134 1824; x_wconf 81' lang='lat' dir='ltr'><strong>sta·</strong></span> 
     </span>
     <span class='ocr_line' id='line_1_18' title="bbox 169 1835 1167 1922; baseline 0.001 -16"><span class='ocrx_word' id='word_1_124' title='bbox 169 1849 240 1907; x_wconf 88' lang='lat' dir='ltr'><strong>tuas</strong></span> <span class='ocrx_word' id='word_1_125' title='bbox 255 1839 420 1906; x_wconf 72' lang='lat' dir='ltr'><strong>Demetrio</strong></span> <span class='ocrx_word' id='word_1_126' title='bbox 438 1840 593 1922; x_wconf 83' lang='lat' dir='ltr'><strong>Phalereo</strong></span> <span class='ocrx_word' id='word_1_127' title='bbox 609 1835 757 1906; x_wconf 76' lang='lat' dir='ltr'><strong>de&#39;crevit</strong></span> <span class='ocrx_word' id='word_1_128' title='bbox 1163 1849 1167 1857; x_wconf 85' lang='lat'><em>&#39;</em></span> 
     </span>
     <span class='ocr_line' id='line_1_19' title="bbox 136 1925 1134 2009; baseline 0 -17"><span class='ocrx_word' id='word_1_129' title='bbox 136 1928 154 1992; x_wconf 75' lang='lat' dir='ltr'><strong>l</strong></span> <span class='ocrx_word' id='word_1_130' title='bbox 258 1925 338 1991; x_wconf 89' lang='lat' dir='ltr'><strong>Post</strong></span> <span class='ocrx_word' id='word_1_131' title='bbox 358 1926 420 1990; x_wconf 90' lang='lat' dir='ltr'><strong>hoc</strong></span> <span class='ocrx_word' id='word_1_132' title='bbox 447 1925 605 2009; x_wconf 90' lang='lat' dir='ltr'><strong>proelium</strong></span> <span class='ocrx_word' id='word_1_133' title='bbox 632 1926 765 1990; x_wconf 79' lang='lat' dir='ltr'><strong>classem</strong></span> <span class='ocrx_word' id='word_1_134' title='bbox 792 1941 864 1990; x_wconf 74' lang='lat' dir='ltr'><strong>Lxx</strong></span> <span class='ocrx_word' id='word_1_135' title='bbox 885 1926 1018 1992; x_wconf 77' lang='lat' dir='ltr'><strong>navium</strong></span> <span class='ocrx_word' id='word_1_136' title='bbox 1033 1927 1134 1992; x_wconf 86' lang='lat' dir='ltr'><strong>Athe·</strong></span> 
     </span>
     <span class='ocr_line' id='line_1_20' title="bbox 170 2007 1134 2097; baseline 0.001 -21"><span class='ocrx_word' id='word_1_137' title='bbox 170 2013 297 2076; x_wconf 90' lang='lat' dir='ltr'><strong>nienses</strong></span> <span class='ocrx_word' id='word_1_138' title='bbox 329 2008 432 2073; x_wconf 88' lang='lat' dir='ltr'><strong>eidem</strong></span> <span class='ocrx_word' id='word_1_139' title='bbox 460 2007 599 2074; x_wconf 73' lang='lat' dir='ltr'><strong>Miltiadi</strong></span> <span class='ocrx_word' id='word_1_140' title='bbox 625 2008 794 2092; x_wconf 87' lang='lat' dir='ltr'><strong>dederunt,</strong></span> <span class='ocrx_word' id='word_1_141' title='bbox 822 2013 860 2074; x_wconf 89' lang='lat' dir='ltr'><strong>ut</strong></span> <span class='ocrx_word' id='word_1_142' title='bbox 885 2011 1024 2095; x_wconf 76' lang='lat' dir='ltr'><strong>insulas,</strong></span> <span class='ocrx_word' id='word_1_143' title='bbox 1053 2034 1134 2097; x_wconf 87' lang='lat' dir='ltr'><strong>quae</strong></span> 
     </span>
     <span class='ocr_line' id='line_1_21' title="bbox 171 2093 1136 2180; baseline 0.002 -21"><span class='ocrx_word' id='word_1_144' title='bbox 171 2095 322 2160; x_wconf 88' lang='lat' dir='ltr'><strong>barbaros</strong></span> <span class='ocrx_word' id='word_1_145' title='bbox 336 2143 340 2154; x_wconf 33' lang='lat' dir='ltr'><strong>l</strong></span> <span class='ocrx_word' id='word_1_146' title='bbox 350 2093 552 2174; x_wconf 77' lang='lat' dir='ltr'><strong>adjuverant,</strong></span> <span class='ocrx_word' id='word_1_147' title='bbox 586 2094 672 2158; x_wconf 90' lang='lat' dir='ltr'><strong>bello</strong></span> <span class='ocrx_word' id='word_1_148' title='bbox 702 2098 953 2177; x_wconf 87' lang='lat' dir='ltr'><strong>persequeretur.</strong></span> <span class='ocrx_word' id='word_1_149' title='bbox 1006 2117 1071 2180; x_wconf 90' lang='lat' dir='ltr'><strong>quo</strong></span> <span class='ocrx_word' id='word_1_150' title='bbox 1099 2097 1136 2162; x_wconf 88' lang='lat' dir='ltr'><strong>in</strong></span> 
     </span>
     <span class='ocr_line' id='line_1_22' title="bbox 170 2175 1136 2266; baseline 0.004 -24"><span class='ocrx_word' id='word_1_151' title='bbox 170 2177 304 2261; x_wconf 90' lang='lat' dir='ltr'><strong>irnperio</strong></span> <span class='ocrx_word' id='word_1_152' title='bbox 319 2176 487 2258; x_wconf 85' lang='lat' dir='ltr'><strong>plerasque</strong></span> <span class='ocrx_word' id='word_1_153' title='bbox 502 2175 543 2240; x_wconf 94' lang='lat' dir='ltr'><strong>ad</strong></span> <span class='ocrx_word' id='word_1_154' title='bbox 558 2175 701 2242; x_wconf 83' lang='lat' dir='ltr'><strong>officium</strong></span> <span class='ocrx_word' id='word_1_155' title='bbox 715 2177 817 2243; x_wconf 86' lang='lat' dir='ltr'><strong>redire</strong></span> <span class='ocrx_word' id='word_1_156' title='bbox 832 2179 947 2266; x_wconf 81' lang='lat' dir='ltr'><strong>coegit,</strong></span> <span class='ocrx_word' id='word_1_157' title='bbox 959 2180 1136 2246; x_wconf 83' lang='lat' dir='ltr'><strong>nonnullas</strong></span> 
     </span>
     <span class='ocr_line' id='line_1_23' title="bbox 139 2260 1135 2347; baseline 0.004 -22"><span class='ocrx_word' id='word_1_158' title='bbox 139 2263 203 2326; x_wconf 72' lang='lat' dir='ltr'><strong>rvi</strong></span> <span class='ocrx_word' id='word_1_159' title='bbox 232 2261 437 2344; x_wconf 81' lang='lat' dir='ltr'><strong>expugnavit.</strong></span> <span class='ocrx_word' id='word_1_160' title='bbox 481 2280 521 2324; x_wconf 88' lang='lat' dir='ltr'><strong>ex</strong></span> <span class='ocrx_word' id='word_1_161' title='bbox 546 2260 598 2324; x_wconf 92' lang='lat' dir='ltr'><strong>his</strong></span> <span class='ocrx_word' id='word_1_162' title='bbox 619 2260 738 2326; x_wconf 89' lang='lat' dir='ltr'><strong>Parum</strong></span> <span class='ocrx_word' id='word_1_163' title='bbox 764 2263 901 2328; x_wconf 86' lang='lat' dir='ltr'><strong>insulam</strong></span> <span class='ocrx_word' id='word_1_164' title='bbox 929 2264 1046 2347; x_wconf 91' lang='lat' dir='ltr'><strong>opibus</strong></span> <span class='ocrx_word' id='word_1_165' title='bbox 1071 2265 1135 2330; x_wconf 91' lang='lat' dir='ltr'><strong>ela·</strong></span> 
     </span>
     <span class='ocr_line' id='line_1_24' title="bbox 169 2345 1135 2432; baseline 0.005 -22"><span class='ocrx_word' id='word_1_166' title='bbox 169 2350 236 2410; x_wconf 91' lang='lat' dir='ltr'><strong>tam</strong></span> <span class='ocrx_word' id='word_1_167' title='bbox 258 2365 330 2408; x_wconf 90' lang='lat' dir='ltr'><strong>cum</strong></span> <span class='ocrx_word' id='word_1_168' title='bbox 353 2345 498 2408; x_wconf 89' lang='lat' dir='ltr'><strong>oratione</strong></span> <span class='ocrx_word' id='word_1_169' title='bbox 519 2346 727 2411; x_wconf 87' lang='lat' dir='ltr'><strong>reconciliare</strong></span> <span class='ocrx_word' id='word_1_170' title='bbox 748 2368 816 2412; x_wconf 87' lang='lat' dir='ltr'><strong>non</strong></span> <span class='ocrx_word' id='word_1_171' title='bbox 836 2351 961 2430; x_wconf 89' lang='lat' dir='ltr'><strong>posset,</strong></span> <span class='ocrx_word' id='word_1_172' title='bbox 984 2349 1094 2432; x_wconf 83' lang='lat' dir='ltr'><strong>copias</strong></span> <span class='ocrx_word' id='word_1_173' title='bbox 1117 2371 1135 2414; x_wconf 91' lang='lat' dir='ltr'><strong>e</strong></span> 
     </span>
     <span class='ocr_line' id='line_1_25' title="bbox 168 2428 1136 2516; baseline 0.004 -21"><span class='ocrx_word' id='word_1_174' title='bbox 168 2430 305 2495; x_wconf 84' lang='lat' dir='ltr'><strong>navibus</strong></span> <span class='ocrx_word' id='word_1_175' title='bbox 320 2428 439 2511; x_wconf 84' lang='lat' dir='ltr'><strong>eduxit,</strong></span> <span class='ocrx_word' id='word_1_176' title='bbox 461 2428 573 2493; x_wconf 89' lang='lat' dir='ltr'><strong>urbem</strong></span> <span class='ocrx_word' id='word_1_177' title='bbox 588 2432 738 2514; x_wconf 89' lang='lat' dir='ltr'><strong>operibus</strong></span> <span class='ocrx_word' id='word_1_178' title='bbox 753 2431 868 2496; x_wconf 89' lang='lat' dir='ltr'><strong>clausit</strong></span> <span class='ocrx_word' id='word_1_179' title='bbox 883 2432 1035 2516; x_wconf 89' lang='lat' dir='ltr'><strong>omnique</strong></span> <span class='ocrx_word' id='word_1_180' title='bbox 1050 2454 1136 2498; x_wconf 85' lang='lat' dir='ltr'><strong>conr·</strong></span> 
     </span>
     <span class='ocr_line' id='line_1_26' title="bbox 170 2511 1136 2596; baseline 0.006 -20"><span class='ocrx_word' id='word_1_181' title='bbox 170 2517 277 2578; x_wconf 88' lang='lat' dir='ltr'><strong>meatu</strong></span> <span class='ocrx_word' id='word_1_182' title='bbox 304 2513 457 2596; x_wconf 86' lang='lat' dir='ltr'><strong>privavit,</strong></span> <span class='ocrx_word' id='word_1_183' title='bbox 490 2511 565 2578; x_wconf 90' lang='lat' dir='ltr'><strong>dein</strong></span> <span class='ocrx_word' id='word_1_184' title='bbox 586 2515 689 2579; x_wconf 85' lang='lat' dir='ltr'><strong>vineis</strong></span> <span class='ocrx_word' id='word_1_185' title='bbox 716 2535 754 2580; x_wconf 84' lang='lat' dir='ltr'><strong>ac</strong></span> <span class='ocrx_word' id='word_1_186' title='bbox 780 2515 995 2580; x_wconf 89' lang='lat' dir='ltr'><strong>testudinibus</strong></span> <span class='ocrx_word' id='word_1_187' title='bbox 1017 2519 1136 2582; x_wconf 87' lang='lat' dir='ltr'><strong>consti-</strong></span> 
     </span>
    </p>
   </div>
   <div class='ocr_carea' id='block_1_4' title="bbox 35 2595 1135 2686">
    <p class='ocr_par' dir='ltr' id='par_1_4' title="bbox 35 2595 1135 2686">
     <span class='ocr_line' id='line_1_27' title="bbox 35 2595 1135 2686; baseline 0.007 -28"><span class='ocrx_word' id='word_1_188' title='bbox 35 2653 37 2658; x_wconf 90' lang='lat'><em>.</em></span> <span class='ocrx_word' id='word_1_189' title='bbox 139 2597 249 2660; x_wconf 84' lang='lat' dir='ltr'><strong>etutis</strong></span> <span class='ocrx_word' id='word_1_190' title='bbox 269 2597 402 2679; x_wconf 89' lang='lat' dir='ltr'><strong>propius</strong></span> <span class='ocrx_word' id='word_1_191' title='bbox 423 2617 532 2662; x_wconf 88' lang='lat' dir='ltr'><strong>muros</strong></span> <span class='ocrx_word' id='word_1_192' title='bbox 557 2595 698 2664; x_wconf 86' lang='lat' dir='ltr'><strong>accessit.</strong></span> <span class='ocrx_word' id='word_1_193' title='bbox 742 2620 814 2664; x_wconf 82' lang='lat' dir='ltr'><strong>curn</strong></span> <span class='ocrx_word' id='word_1_194' title='bbox 835 2600 900 2664; x_wconf 90' lang='lat' dir='ltr'><strong>iam</strong></span> <span class='ocrx_word' id='word_1_195' title='bbox 921 2601 957 2665; x_wconf 90' lang='lat' dir='ltr'><strong>in</strong></span> <span class='ocrx_word' id='word_1_196' title='bbox 978 2621 1017 2666; x_wconf 90' lang='lat' dir='ltr'><strong>eo</strong></span> <span class='ocrx_word' id='word_1_197' title='bbox 1039 2607 1135 2686; x_wconf 88' lang='lat' dir='ltr'><strong>esset,</strong></span> 
     </span>
    </p>
   </div>
   <div class='ocr_carea' id='block_1_5' title="bbox 61 2678 1224 3609">
    <p class='ocr_par' dir='ltr' id='par_1_5' title="bbox 61 2678 1224 3609">
     <span class='ocr_line' id='line_1_28' title="bbox 168 2678 1224 2770; baseline 0.007 -26"><span class='ocrx_word' id='word_1_198' title='bbox 168 2683 206 2744; x_wconf 92' lang='lat' dir='ltr'><strong>ut</strong></span> <span class='ocrx_word' id='word_1_199' title='bbox 227 2678 346 2762; x_wconf 92' lang='lat' dir='ltr'><strong>oppido</strong></span> <span class='ocrx_word' id='word_1_200' title='bbox 365 2679 539 2763; x_wconf 87' lang='lat' dir='ltr'><strong>potiretur,</strong></span> <span class='ocrx_word' id='word_1_201' title='bbox 561 2683 674 2765; x_wconf 89' lang='lat' dir='ltr'><strong>procul</strong></span> <span class='ocrx_word' id='word_1_202' title='bbox 695 2684 730 2747; x_wconf 91' lang='lat' dir='ltr'><strong>in</strong></span> <span class='ocrx_word' id='word_1_203' title='bbox 752 2685 932 2749; x_wconf 87' lang='lat' dir='ltr'><strong>continenti</strong></span> <span class='ocrx_word' id='word_1_204' title='bbox 948 2686 1054 2768; x_wconf 85' lang='lat' dir='ltr'><strong>lucus,</strong></span> <span class='ocrx_word' id='word_1_205' title='bbox 1077 2687 1135 2770; x_wconf 87' lang='lat' dir='ltr'><strong>qui</strong></span> <span class='ocrx_word' id='word_1_206' title='bbox 1222 2713 1224 2770; x_wconf 71' lang='grc' dir='ltr'>ς</span> 
     </span>
     <span class='ocr_line' id='line_1_29' title="bbox 169 2763 1224 2852; baseline 0.008 -23"><span class='ocrx_word' id='word_1_207' title='bbox 169 2785 208 2829; x_wconf 88' lang='lat' dir='ltr'><strong>ex</strong></span> <span class='ocrx_word' id='word_1_208' title='bbox 229 2763 335 2828; x_wconf 89' lang='lat' dir='ltr'><strong>insula</strong></span> <span class='ocrx_word' id='word_1_209' title='bbox 356 2765 626 2851; x_wconf 81' lang='lat' dir='ltr'><strong>conspiciebatur,</strong></span> <span class='ocrx_word' id='word_1_210' title='bbox 655 2769 763 2832; x_wconf 89' lang='lat' dir='ltr'><strong>nescio</strong></span> <span class='ocrx_word' id='word_1_211' title='bbox 789 2789 854 2852; x_wconf 90' lang='lat' dir='ltr'><strong>quo</strong></span> <span class='ocrx_word' id='word_1_212' title='bbox 876 2791 951 2834; x_wconf 86' lang='lat' dir='ltr'><strong>casu</strong></span> <span class='ocrx_word' id='word_1_213' title='bbox 972 2773 1135 2836; x_wconf 87' lang='lat' dir='ltr'><strong>nocturno</strong></span> <span class='ocrx_word' id='word_1_214' title='bbox 1222 2783 1224 2824; x_wconf 93' lang='lat'>:</span> 
     </span>
     <span class='ocr_line' id='line_1_30' title="bbox 168 2848 1224 2937; baseline 0.006 -23"><span class='ocrx_word' id='word_1_215' title='bbox 168 2855 312 2933; x_wconf 86' lang='lat' dir='ltr'><strong>tempore</strong></span> <span class='ocrx_word' id='word_1_216' title='bbox 326 2848 475 2914; x_wconf 83' lang='lat' dir='ltr'><strong>incensus</strong></span> <span class='ocrx_word' id='word_1_217' title='bbox 497 2853 555 2916; x_wconf 89' lang='lat' dir='ltr'><strong>est.</strong></span> <span class='ocrx_word' id='word_1_218' title='bbox 596 2853 686 2916; x_wconf 88' lang='lat' dir='ltr'><strong>cuius</strong></span> <span class='ocrx_word' id='word_1_219' title='bbox 700 2852 829 2918; x_wconf 83' lang='lat' dir='ltr'><strong>flamma</strong></span> <span class='ocrx_word' id='word_1_220' title='bbox 849 2856 887 2917; x_wconf 91' lang='lat' dir='ltr'><strong>ut</strong></span> <span class='ocrx_word' id='word_1_221' title='bbox 907 2853 947 2916; x_wconf 90' lang='lat' dir='ltr'><strong>ab</strong></span> <span class='ocrx_word' id='word_1_222' title='bbox 963 2853 1135 2937; x_wconf 85' lang='lat' dir='ltr'><strong>oppidanis</strong></span> <span class='ocrx_word' id='word_1_223' title='bbox 1222 2879 1224 2936; x_wconf 64' lang='lat' dir='ltr'><em>g</em></span> 
     </span>
     <span class='ocr_line' id='line_1_31' title="bbox 61 2932 1224 3084; baseline 0.009 -89"><span class='ocrx_word' id='word_1_224' title='bbox 61 3000 66 3016; x_wconf 59' lang='grc'>,</span> <span class='ocrx_word' id='word_1_225' title='bbox 169 2939 202 2996; x_wconf 90' lang='lat' dir='ltr'><strong>et</strong></span> <span class='ocrx_word' id='word_1_226' title='bbox 223 2932 500 3030; x_wconf 80' lang='lat' dir='ltr'><strong>oppugnatoribus</strong></span> <span class='ocrx_word' id='word_1_227' title='bbox 515 2938 564 3032; x_wconf 76' lang='lat' dir='ltr'><strong>est</strong></span> <span class='ocrx_word' id='word_1_228' title='bbox 577 2936 655 3032; x_wconf 65' lang='lat' dir='ltr'><strong>visa,</strong></span> <span class='ocrx_word' id='word_1_229' title='bbox 678 2937 821 3084; x_wconf 65' lang='lat' dir='ltr'><strong>utrisgpe</strong></span> <span class='ocrx_word' id='word_1_230' title='bbox 840 2936 931 3002; x_wconf 84' lang='lat' dir='ltr'><strong>venit</strong></span> <span class='ocrx_word' id='word_1_231' title='bbox 952 2937 987 3001; x_wconf 92' lang='lat' dir='ltr'><strong>in</strong></span> <span class='ocrx_word' id='word_1_232' title='bbox 1009 2938 1136 3020; x_wconf 89' lang='lat' dir='ltr'><strong>opinio·</strong></span> <span class='ocrx_word' id='word_1_233' title='bbox 1222 2937 1224 2940; x_wconf 68' lang='grc'><strong>’</strong></span> 
     </span>
     <span class='ocr_line' id='line_1_32' title="bbox 137 3018 1136 3195; baseline 0.009 -34"><span class='ocrx_word' id='word_1_234' title='bbox 137 3027 154 3077; x_wconf 62' lang='lat'><strong>⁴</strong></span> <span class='ocrx_word' id='word_1_235' title='bbox 167 3018 635 3195; x_wconf 47' lang='lat' dir='ltr'><strong>deilirtsiinldldlrliiaaodzsditailddz</strong></span> <span class='ocrx_word' id='word_1_236' title='bbox 648 3024 892 3169; x_wconf 41' lang='lat' dir='ltr'><strong>pegtppreraecptpi</strong></span> <span class='ocrx_word' id='word_1_237' title='bbox 913 3020 1136 3190; x_wconf 49' lang='lat' dir='ltr'><strong>epfficatssrp</strong></span> 
     </span>
     <span class='ocr_line' id='line_1_33' title="bbox 166 3185 1134 3274; baseline 0.01 -28"><span class='ocrx_word' id='word_1_238' title='bbox 166 3186 284 3252; x_wconf 78' lang='lat' dir='ltr'><strong>timens</strong></span> <span class='ocrx_word' id='word_1_239' title='bbox 305 3203 347 3246; x_wconf 91' lang='lat' dir='ltr'><strong>ne</strong></span> <span class='ocrx_word' id='word_1_240' title='bbox 369 3185 479 3252; x_wconf 86' lang='lat' dir='ltr'><strong>classis</strong></span> <span class='ocrx_word' id='word_1_241' title='bbox 499 3187 587 3270; x_wconf 85' lang='lat' dir='ltr'><strong>regia</strong></span> <span class='ocrx_word' id='word_1_242' title='bbox 601 3186 796 3273; x_wconf 85' lang='lat' dir='ltr'><strong>adventaret,</strong></span> <span class='ocrx_word' id='word_1_243' title='bbox 818 3189 957 3254; x_wconf 87' lang='lat' dir='ltr'><strong>incensis</strong></span> <span class='ocrx_word' id='word_1_244' title='bbox 973 3190 1134 3274; x_wconf 84' lang='lat' dir='ltr'><strong>operibus,</strong></span> 
     </span>
     <span class='ocr_line' id='line_1_34' title="bbox 166 3269 1135 3413; baseline 0.011 -85"><span class='ocrx_word' id='word_1_245' title='bbox 166 3285 248 3413; x_wconf 69' lang='lat' dir='ltr'><strong>puae</strong></span> <span class='ocrx_word' id='word_1_246' title='bbox 270 3269 434 3351; x_wconf 73' lang='lat' dir='ltr'><strong>statueret,</strong></span> <span class='ocrx_word' id='word_1_247' title='bbox 457 3291 531 3335; x_wconf 87' lang='lat' dir='ltr'><strong>cum</strong></span> <span class='ocrx_word' id='word_1_248' title='bbox 544 3271 679 3337; x_wconf 89' lang='lat' dir='ltr'><strong>totidem</strong></span> <span class='ocrx_word' id='word_1_249' title='bbox 694 3273 840 3356; x_wconf 83' lang='lat' dir='ltr'><strong>naribus,</strong></span> <span class='ocrx_word' id='word_1_250' title='bbox 863 3277 961 3357; x_wconf 89' lang='lat' dir='ltr'><strong>atque</strong></span> <span class='ocrx_word' id='word_1_251' title='bbox 978 3278 1047 3339; x_wconf 90' lang='lat' dir='ltr'><strong>erat</strong></span> <span class='ocrx_word' id='word_1_252' title='bbox 1060 3292 1135 3357; x_wconf 83' lang='lat' dir='ltr'><strong>pro·</strong></span> 
     </span>
     <span class='ocr_line' id='line_1_35' title="bbox 181 3350 1210 3437; baseline 0.011 -24"><span class='ocrx_word' id='word_1_253' title='bbox 181 3353 280 3434; x_wconf 87' lang='lat' dir='ltr'><strong>ectus,</strong></span> <span class='ocrx_word' id='word_1_254' title='bbox 295 3350 442 3416; x_wconf 80' lang='lat' dir='ltr'><strong>Athenas</strong></span> <span class='ocrx_word' id='word_1_255' title='bbox 456 3375 660 3437; x_wconf 82' lang='lat' dir='ltr'><strong>magnacum</strong></span> <span class='ocrx_word' id='word_1_256' title='bbox 676 3357 853 3422; x_wconf 84' lang='lat' dir='ltr'><strong>offensione</strong></span> <span class='ocrx_word' id='word_1_257' title='bbox 868 3357 988 3422; x_wconf 85' lang='lat' dir='ltr'><strong>civium</strong></span> <span class='ocrx_word' id='word_1_258' title='bbox 1004 3379 1136 3423; x_wconf 83' lang='lat' dir='ltr'><strong>suorum</strong></span> <span class='ocrx_word' id='word_1_259' title='bbox 1207 3370 1210 3381; x_wconf 92' lang='lat'>&#39;</span> 
     </span>
     <span class='ocr_line' id='line_1_36' title="bbox 135 3432 1137 3525; baseline 0.013 -29"><span class='ocrx_word' id='word_1_260' title='bbox 135 3432 292 3500; x_wconf 66' lang='lat' dir='ltr'><strong>erudiret.</strong></span> <span class='ocrx_word' id='word_1_261' title='bbox 342 3441 508 3501; x_wconf 85' lang='lat' dir='ltr'><strong>accusatus</strong></span> <span class='ocrx_word' id='word_1_262' title='bbox 535 3460 609 3521; x_wconf 88' lang='lat' dir='ltr'><strong>ergo</strong></span> <span class='ocrx_word' id='word_1_263' title='bbox 633 3445 681 3507; x_wconf 87' lang='lat' dir='ltr'><strong>est</strong></span> <span class='ocrx_word' id='word_1_264' title='bbox 701 3441 908 3524; x_wconf 88' lang='lat' dir='ltr'><strong>proditionis,</strong></span> <span class='ocrx_word' id='word_1_265' title='bbox 932 3441 1033 3525; x_wconf 92' lang='lat' dir='ltr'><strong>quod,</strong></span> <span class='ocrx_word' id='word_1_266' title='bbox 1061 3463 1137 3508; x_wconf 87' lang='lat' dir='ltr'><strong>curn</strong></span> 
     </span>
     <span class='ocr_line' id='line_1_37' title="bbox 166 3515 1138 3609; baseline 0.01 -27"><span class='ocrx_word' id='word_1_267' title='bbox 166 3515 285 3584; x_wconf 82' lang='lat' dir='ltr'><strong>Parum</strong></span> <span class='ocrx_word' id='word_1_268' title='bbox 313 3540 496 3604; x_wconf 85' lang='lat' dir='ltr'><strong>expugnare</strong></span> <span class='ocrx_word' id='word_1_269' title='bbox 518 3528 642 3608; x_wconf 85' lang='lat' dir='ltr'><strong>posset,</strong></span> <span class='ocrx_word' id='word_1_270' title='bbox 675 3546 788 3608; x_wconf 82' lang='lat' dir='ltr'><strong>aroge</strong></span> <span class='ocrx_word' id='word_1_271' title='bbox 815 3530 985 3609; x_wconf 80' lang='lat' dir='ltr'><strong>corruptus</strong></span> <span class='ocrx_word' id='word_1_272' title='bbox 1006 3525 1138 3592; x_wconf 81' lang='lat' dir='ltr'><strong>infectis</strong></span> 
     </span>
    </p>
   </div>
   <div class='ocr_carea' id='block_1_6' title="bbox 0 0 1236 3884">
    <p class='ocr_par' dir='ltr' id='par_1_6' title="bbox 0 0 1236 3884">
     <span class='ocr_line' id='line_1_38' title="bbox 0 0 1236 3884; baseline 0 0"><span class='ocrx_word' id='word_1_273' title='bbox 0 0 1236 3884; x_wconf 95' lang='lat' dir='ltr'><strong> </strong></span> 
     </span>
    </p>
   </div>
  </div>
 </body>
</html>
