2456 3884
10 1113 11 1116 =
88 1069 300 1135 Theramene.
324 1095 327 1104 ’

373 258 434 309 vn.
461 260 680 312 summanus.
703 261 728 311 a.
750 261 777 312 r.
993 245 1056 320 '21

86 395 222 462 Samum
251 395 427 460 exercitum
455 396 609 480 habebat,
637 419 695 482 per
715 399 933 465 internuntios
960 401 1056 468 collo·

86 481 202 565 quitur
223 483 255 545 et
277 480 316 544 de
338 479 443 544 reditu
465 502 523 547 suo
538 481 616 546 facit
637 484 845 550 mentionem.
880 488 949 549 erat
970 486 1057 550 enim

86 565 290 649 eodemque
313 563 497 629 Alcibiades
519 587 629 650 sensu,
657 567 770 652 populi
797 569 961 652 potentiae
989 590 1057 635 non

87 649 210 714 amicus
231 652 301 714 eto
324 649 486 713 timatium
500 648 617 715 fautor.
654 652 695 715 ab
716 653 779 717 hoc
801 651 970 718 destitutus
991 655 1086 737 pri-4

86 755 177 798 mum
210 753 270 816 per
307 761 330 770 0
403 733 552 818 ybulum,
611 736 664 818 yci
694 736 813 818 filium,
841 737 882 800 ab
915 739 1057 803 exercitu

86 818 244 901 recipitur
269 819 463 901 praetorque
491 819 529 882 fit
556 817 641 900 apud
669 817 814 902 Samum,
845 825 920 904 post
947 822 1057 887 suffra·

88 905 186 986 ganta
201 901 403 966 Theramene
417 901 531 985 populi
550 902 631 966 scito
653 904 834 968 restituitur
847 891 981 989 parique
1003 907 1056 971 ab·

88 1008 163 1050 sens
189 985 327 1069 imperio
354 985 539 1132 praeficitur
566 986 679 1085 simul·
695 987 1085 1138 ⁰ut¹ss¹ngh¹⁸⁸ybulssfi⁰t⁶

356 1091 534 1134 ‘orumm
566 1092 701 1136 1meno
846 1095 972 1138 commu
1034 1096 1053 1140 ο

9 1179 10 1200 ³
88 1176 199 1252 rerum
219 1154 307 1251 facta
327 1157 390 1236 est,
418 1157 455 1218 ut
480 1092 739 1252 Lacedagmonii,
773 1157 828 1239 qui
855 1156 952 1240 paulo
980 1161 1056 1254 ante

9 1277 11 1402 ζ
88 1240 1056 1419 ttt‘tttttttaP⁰tttttzt⁶trttssff¹ttuffti

87 1406 230 1488 vahbus,
258 1427 294 1469 m
322 1407 438 1488 qu1bus
487 1409 618 1470 ucentes
647 1425 745 1470 naves
772 1406 917 1472 triremes
944 1407 1056 1472 amise-

87 1493 179 1572 rant,
251 1510 289 1555 ae
311 1494 422 1573 captae
449 1489 486 1555 in
512 1489 655 1554 bostium
676 1495 832 1555 venerant
852 1495 1053 1574 potestatem.

90 1573 218 1637 Alabis
239 1595 273 1638 es
295 1573 390 1638 simul
412 1593 484 1638 curn
499 1574 631 1660 collegis
645 1577 809 1659 receperat
822 1573 956 1660 Ioniam,
978 1575 1084 1640 Hel-e

88 1658 284 1742 lespcntum,
306 1657 424 1722 multas
444 1661 610 1756 praeterea
629 1659 724 1724 urbes
746 1658 894 1742 Graecae,
916 1681 998 1743 quae
1020 1661 1055 1725 in

87 1763 147 1806 cra
179 1743 261 1807 sitae
294 1744 371 1806 sunt
401 1743 513 1826 Anae,
551 1763 687 1826 quarum
721 1747 945 1827 expugnarant
971 1764 1055 1808 com·

86 1823 1055 1994 tittttthttttmtttttthmttttt·
1125 1871 1129 1880 '

87 1995 215 2059 mentia
241 1993 369 2058 fuerant
394 1995 453 2058 usi.
497 1995 544 2058 ita
564 1960 682 2079 praedb
704 1994 827 2078 onusti,
855 1993 1082 2077 locupletator

87 2077 251 2162 exercitu,
272 2078 417 2143 maximis
437 2078 533 2144 rebus
554 2078 654 2162 gestis
674 2078 820 2143 Athenas
844 2081 1012 2143 venerunt

173 2160 236 2226 His
264 2183 337 2226 cum
363 2163 491 2227 obviam
525 2163 676 2228 universa
701 2163 814 2227 civitas
841 2163 877 2226 in
903 2160 1091 2227 Piraenmb

89 2245 332 2330 descendisset,
348 2249 440 2311 tanta
463 2247 527 2311 fuit
549 2247 692 2312 omnium
714 2268 769 2311 exs
792 2247 909 2312 eetatic
930 2246 1054 2311 visendi

89 2329 283 2414 Alcibiadis,
310 2333 348 2395 ut
374 2330 415 2394 ad
442 2331 509 2395 eius
535 2331 710 2427 triremem,
726 2269 842 2428 vubgus
869 2331 1053 2413 conflueret,

89 2413 225 2497 proinde
246 2435 285 2480 ac
305 2414 335 2479 si
356 2414 443 2480 solus
458 2413 648 2479 advenisset.
684 2433 730 2478 sm
745 2434 832 2478 emm
848 2413 969 2497 populo
985 2417 1083 2478 erata

89 2518 294 2647 {abab
311 2496 1054 2648 tritt-&ttatt‘tffitttttsttt

89 2667 240 2731 ambsam
268 2669 302 2731 et
321 2605 647 2732 Laeaemoniorim
668 2604 819 2731 victorias
845 2666 957 2749 culpae
978 2687 1054 2730 suae

89 2750 285 2833 tribuebant,
308 2749 394 2834 quud
414 2751 512 2815 talem
533 2751 639 2814 virum
660 2771 677 2814 e
698 2750 826 2815 civitate
848 2750 1053 2832 expulissent.

90 2855 193 2918 neque
216 2832 251 2898 id
273 2834 342 2898 sine
360 2823 459 2927 §rsa
480 2834 628 2898 arbitrari
642 2832 841 2899 videbantur.
877 2855 953 2896 nam
967 2836 1053 2916 post

90 2939 186 3001 quam
209 2917 363 2982 exercitui
383 2938 529 3001 praeesse
543 2921 701 3001 coeperat,
723 2937 827 3013 neque
848 2918 935 2980 terra
947 2937 1052 2999 neque
1085 2933 1090 2956 ’

90 3003 170 3066 mari
196 3001 308 3066 hostes
334 3023 427 3086 pares
456 3023 523 3066 esse
553 3004 738 3150 potuerant.
792 2999 845 3063 hm
872 3002 910 3063 ut
935 3020 953 3064 e
975 3001 1082 3065 navis
1108 3043 1109 3046 =

53 3239 55 3243 ,
90 3089 326 3234 {uetiti
339 3107 558 3253 tibitibi
581 3082 1054 3265 tuttffltttttttff

90 3273 216 3338 raeum,
243 3256 353 3318 tamen
381 3275 481 3318 unum
508 3274 618 3317 omnes
647 3251 740 3315 lllum
768 3253 1053 3338 prosequebantur,

90 3341 129 3418 et,
151 3337 187 3401 id
209 3336 296 3420 quod
317 3357 493 3421 numquam
514 3341 609 3401 antea
631 3357 690 3404 usu
711 3339 844 3401 venerat
864 3336 927 3401 nisi
945 3335 1053 3420 Olym·

90 3422 159 3502 piae
180 3421 368 3502 victoribus,
391 3421 518 3486 coronis
540 3420 657 3484 laureis
678 3421 856 3504 taeniisque
878 3420 976 3503 vulgo
999 3420 1053 3482 dc-

90 3506 235 3571 nabatur.
273 3505 327 3569 ille
349 3505 530 3570 lacrumans
551 3504 649 3569 talem
663 3503 912 3568 benivolentiam
933 3501 1051 3565 civium
