<?xml version="1.0" encoding="UTF-8"?>
<!DOCTYPE html PUBLIC "-//W3C//DTD XHTML 1.0 Transitional//EN"
    "http://www.w3.org/TR/xhtml1/DTD/xhtml1-transitional.dtd">
<html xmlns="http://www.w3.org/1999/xhtml" xml:lang="en" lang="en">
 <head>
  <title>
</title>
<meta http-equiv="Content-Type" content="text/html;charset=utf-8" />
  <meta name='ocr-system' content='tesseract 3.04.00' />
  <meta name='ocr-capabilities' content='ocr_page ocr_carea ocr_par ocr_line ocrx_word'/>
</head>
<body>
  <div class='ocr_page' id='page_1' title='image "./corneliinepotis00halmgoog_0007.png"; bbox 0 0 2456 3884; ppageno 0'>
   <div class='ocr_carea' id='block_1_1' title="bbox 0 1115 2 2031">
    <p class='ocr_par' dir='ltr' id='par_1_1' title="bbox 0 1115 2 2031">
     <span class='ocr_line' id='line_1_1' title="bbox 0 1115 2 2031; baseline 0 0"><span class='ocrx_word' id='word_1_1' title='bbox 0 1115 2 2031; x_wconf 95' lang='lat' dir='ltr'><strong> </strong></span> 
     </span>
    </p>
   </div>
   <div class='ocr_carea' id='block_1_2' title="bbox 0 2207 3 2948">
    <p class='ocr_par' dir='ltr' id='par_1_2' title="bbox 0 2207 3 2948">
     <span class='ocr_line' id='line_1_2' title="bbox 0 2207 3 2948; baseline 0 0"><span class='ocrx_word' id='word_1_2' title='bbox 0 2207 3 2948; x_wconf 95' lang='lat' dir='ltr'><strong> </strong></span> 
     </span>
    </p>
   </div>
   <div class='ocr_carea' id='block_1_3' title="bbox 156 993 988 1247">
    <p class='ocr_par' dir='ltr' id='par_1_3' title="bbox 156 993 988 1247">
     <span class='ocr_line' id='line_1_3' title="bbox 298 993 903 1082; baseline 0.002 -2"><span class='ocrx_word' id='word_1_3' title='bbox 298 995 583 1080; x_wconf 14' lang='lat' dir='ltr'>*CORNELII</span> <span class='ocrx_word' id='word_1_4' title='bbox 607 993 844 1082; x_wconf 74' lang='lat' dir='ltr'>NEPOTIS</span> <span class='ocrx_word' id='word_1_5' title='bbox 898 1027 903 1038; x_wconf 94' lang='lat'><em>·</em></span> 
     </span>
     <span class='ocr_line' id='line_1_4' title="bbox 156 1177 988 1247; baseline 0.004 -3"><span class='ocrx_word' id='word_1_6' title='bbox 156 1177 292 1245; x_wconf 81' lang='lat' dir='ltr'><strong>mere</strong></span> <span class='ocrx_word' id='word_1_7' title='bbox 318 1177 378 1246; x_wconf 80' lang='lat' dir='ltr'><strong>oe</strong></span> <span class='ocrx_word' id='word_1_8' title='bbox 405 1177 767 1246; x_wconf 78' lang='lat' dir='ltr'><strong>excecueurmus</strong></span> <span class='ocrx_word' id='word_1_9' title='bbox 796 1177 988 1247; x_wconf 83' lang='lat' dir='ltr'><strong>ouereue</strong></span> 
     </span>
    </p>
   </div>
   <div class='ocr_carea' id='block_1_4' title="bbox 367 1357 791 1419">
    <p class='ocr_par' dir='ltr' id='par_1_4' title="bbox 367 1357 791 1419">
     <span class='ocr_line' id='line_1_5' title="bbox 367 1357 791 1419; baseline 0.007 -4"><span class='ocrx_word' id='word_1_10' title='bbox 367 1357 594 1418; x_wconf 62' lang='lat' dir='ltr'><strong>exstaseos</strong></span> <span class='ocrx_word' id='word_1_11' title='bbox 613 1361 791 1419; x_wconf 73' lang='lat' dir='ltr'><strong>censum</strong></span> 
     </span>
    </p>
   </div>
   <div class='ocr_carea' id='block_1_5' title="bbox 488 1565 666 1610">
    <p class='ocr_par' dir='ltr' id='par_1_5' title="bbox 488 1565 666 1610">
     <span class='ocr_line' id='line_1_6' title="bbox 488 1565 666 1610; baseline 0.017 -3"><span class='ocrx_word' id='word_1_12' title='bbox 488 1565 666 1610; x_wconf 72' lang='lat' dir='ltr'><strong>summo.</strong></span> 
     </span>
    </p>
   </div>
   <div class='ocr_carea' id='block_1_6' title="bbox 93 1683 1158 2608">
    <p class='ocr_par' dir='ltr' id='par_1_6' title="bbox 93 1683 1158 2608">
     <span class='ocr_line' id='line_1_7' title="bbox 179 1683 1086 1771; baseline -0.004 -21"><span class='ocrx_word' id='word_1_13' title='bbox 179 1683 257 1750; x_wconf 88' lang='lat' dir='ltr'><strong>Non</strong></span> <span class='ocrx_word' id='word_1_14' title='bbox 272 1684 384 1750; x_wconf 89' lang='lat' dir='ltr'><strong>dubito</strong></span> <span class='ocrx_word' id='word_1_15' title='bbox 398 1683 469 1748; x_wconf 85' lang='lat' dir='ltr'><strong>fore</strong></span> <span class='ocrx_word' id='word_1_16' title='bbox 482 1683 661 1768; x_wconf 88' lang='lat' dir='ltr'><strong>plerosque,</strong></span> <span class='ocrx_word' id='word_1_17' title='bbox 676 1685 792 1768; x_wconf 85' lang='lat' dir='ltr'><strong>Attice,</strong></span> <span class='ocrx_word' id='word_1_18' title='bbox 808 1686 865 1770; x_wconf 91' lang='lat' dir='ltr'><strong>qui</strong></span> <span class='ocrx_word' id='word_1_19' title='bbox 879 1685 941 1751; x_wconf 90' lang='lat' dir='ltr'><strong>hoc</strong></span> <span class='ocrx_word' id='word_1_20' title='bbox 955 1705 1057 1771; x_wconf 79' lang='lat' dir='ltr'><strong>genus</strong></span> <span class='ocrx_word' id='word_1_21' title='bbox 1073 1697 1086 1746; x_wconf 78' lang='grc' dir='ltr'><strong><em>ι</em></strong></span> 
     </span>
     <span class='ocr_line' id='line_1_8' title="bbox 95 1767 1058 1853; baseline 0.002 -21"><span class='ocrx_word' id='word_1_22' title='bbox 95 1769 275 1852; x_wconf 74' lang='lat' dir='ltr'><strong>scripturae</strong></span> <span class='ocrx_word' id='word_1_23' title='bbox 290 1768 360 1833; x_wconf 89' lang='lat' dir='ltr'><strong>leve</strong></span> <span class='ocrx_word' id='word_1_24' title='bbox 383 1771 416 1832; x_wconf 88' lang='lat' dir='ltr'><strong>et</strong></span> <span class='ocrx_word' id='word_1_25' title='bbox 436 1789 504 1832; x_wconf 88' lang='lat' dir='ltr'><strong>non</strong></span> <span class='ocrx_word' id='word_1_26' title='bbox 518 1769 595 1832; x_wconf 85' lang='lat' dir='ltr'><strong>satis</strong></span> <span class='ocrx_word' id='word_1_27' title='bbox 609 1767 743 1853; x_wconf 82' lang='lat' dir='ltr'><strong>dignum</strong></span> <span class='ocrx_word' id='word_1_28' title='bbox 757 1791 954 1835; x_wconf 89' lang='lat' dir='ltr'><strong>summorum</strong></span> <span class='ocrx_word' id='word_1_29' title='bbox 975 1771 1058 1834; x_wconf 80' lang='lat' dir='ltr'><strong>viro·</strong></span> 
     </span>
     <span class='ocr_line' id='line_1_9' title="bbox 95 1851 1059 2004; baseline 0.002 -4"><span class='ocrx_word' id='word_1_30' title='bbox 95 1851 1059 2004; x_wconf 53' lang='lat' dir='ltr'><strong>{ltdesstltltlotlffl“ueludvdzrll.</strong></span> 
     </span>
     <span class='ocr_line' id='line_1_10' title="bbox 93 1958 1151 2104; baseline 0.001 -20"><span class='ocrx_word' id='word_1_31' title='bbox 93 2011 355 2104; x_wconf 73' lang='lat' dir='ltr'><strong>commemorari,</strong></span> <span class='ocrx_word' id='word_1_32' title='bbox 389 1958 519 2086; x_wconf 67' lang='lat' dir='ltr'><strong>sdltassc</strong></span> <span class='ocrx_word' id='word_1_33' title='bbox 555 1987 642 2085; x_wconf 50' lang='lat' dir='ltr'><strong>eum,</strong></span> <span class='ocrx_word' id='word_1_34' title='bbox 662 2020 827 2085; x_wconf 87' lang='lat' dir='ltr'><strong>commode</strong></span> <span class='ocrx_word' id='word_1_35' title='bbox 860 2021 1059 2104; x_wconf 77' lang='lat' dir='ltr'><strong>scienterque</strong></span> <span class='ocrx_word' id='word_1_36' title='bbox 1148 2075 1151 2085; x_wconf 91' lang='lat'><strong><em>.</em></strong></span> 
     </span>
     <span class='ocr_line' id='line_1_11' title="bbox 95 2104 1088 2189; baseline 0.002 -21"><span class='ocrx_word' id='word_1_37' title='bbox 95 2104 187 2168; x_wconf 86' lang='lat' dir='ltr'><strong>tibiis</strong></span> <span class='ocrx_word' id='word_1_38' title='bbox 201 2108 353 2176; x_wconf 83' lang='lat' dir='ltr'><strong>cantasse.</strong></span> <span class='ocrx_word' id='word_1_39' title='bbox 390 2104 445 2170; x_wconf 85' lang='lat' dir='ltr'><strong>sed</strong></span> <span class='ocrx_word' id='word_1_40' title='bbox 467 2106 491 2170; x_wconf 87' lang='lat' dir='ltr'><strong>ii</strong></span> <span class='ocrx_word' id='word_1_41' title='bbox 512 2109 607 2170; x_wconf 89' lang='lat' dir='ltr'><strong>erunt</strong></span> <span class='ocrx_word' id='word_1_42' title='bbox 627 2105 709 2189; x_wconf 85' lang='lat' dir='ltr'><strong>fere,</strong></span> <span class='ocrx_word' id='word_1_43' title='bbox 731 2105 787 2189; x_wconf 90' lang='lat' dir='ltr'><strong>qui</strong></span> <span class='ocrx_word' id='word_1_44' title='bbox 809 2109 952 2189; x_wconf 76' lang='lat' dir='ltr'><strong>expertes</strong></span> <span class='ocrx_word' id='word_1_45' title='bbox 973 2105 1088 2170; x_wconf 72' lang='lat' dir='ltr'><strong>litte-2</strong></span> 
     </span>
     <span class='ocr_line' id='line_1_12' title="bbox 95 2187 1158 2274; baseline -0.001 -15"><span class='ocrx_word' id='word_1_46' title='bbox 95 2209 206 2259; x_wconf 76' lang='lat' dir='ltr'><strong>rarum</strong></span> <span class='ocrx_word' id='word_1_47' title='bbox 228 2187 420 2254; x_wconf 86' lang='lat' dir='ltr'><strong>Graecarum</strong></span> <span class='ocrx_word' id='word_1_48' title='bbox 448 2187 531 2254; x_wconf 85' lang='lat' dir='ltr'><strong>nihil</strong></span> <span class='ocrx_word' id='word_1_49' title='bbox 552 2193 689 2274; x_wconf 85' lang='lat' dir='ltr'><strong>rectum,</strong></span> <span class='ocrx_word' id='word_1_50' title='bbox 721 2189 784 2254; x_wconf 85' lang='lat' dir='ltr'><strong>nisi</strong></span> <span class='ocrx_word' id='word_1_51' title='bbox 830 2188 895 2254; x_wconf 91' lang='lat' dir='ltr'><strong>uod</strong></span> <span class='ocrx_word' id='word_1_52' title='bbox 916 2190 1059 2274; x_wconf 86' lang='lat' dir='ltr'><strong>ipsorum</strong></span> <span class='ocrx_word' id='word_1_53' title='bbox 1155 2237 1158 2244; x_wconf 82' lang='lat'>-</span> 
     </span>
     <span class='ocr_line' id='line_1_13' title="bbox 95 2272 1089 2357; baseline 0 -21"><span class='ocrx_word' id='word_1_54' title='bbox 95 2273 240 2340; x_wconf 89' lang='lat' dir='ltr'><strong>moribus</strong></span> <span class='ocrx_word' id='word_1_55' title='bbox 267 2274 453 2357; x_wconf 86' lang='lat' dir='ltr'><strong>conveniat,</strong></span> <span class='ocrx_word' id='word_1_56' title='bbox 504 2274 650 2338; x_wconf 88' lang='lat' dir='ltr'><strong>utubunt.</strong></span> <span class='ocrx_word' id='word_1_57' title='bbox 689 2272 780 2338; x_wconf 88' lang='lat' dir='ltr'><strong>hisi</strong></span> <span class='ocrx_word' id='word_1_58' title='bbox 835 2273 970 2339; x_wconf 79' lang='lat' dir='ltr'><strong>dicerint</strong></span> <span class='ocrx_word' id='word_1_59' title='bbox 990 2287 1089 2339; x_wconf 80' lang='lat' dir='ltr'><strong>nonu</strong></span> 
     </span>
     <span class='ocr_line' id='line_1_14' title="bbox 96 2295 1059 2442; baseline 0.003 -22"><span class='ocrx_word' id='word_1_60' title='bbox 96 2356 207 2420; x_wconf 88' lang='lat' dir='ltr'><strong>eadem</strong></span> <span class='ocrx_word' id='word_1_61' title='bbox 229 2358 378 2422; x_wconf 88' lang='lat' dir='ltr'><strong>omnibus</strong></span> <span class='ocrx_word' id='word_1_62' title='bbox 400 2379 467 2423; x_wconf 88' lang='lat' dir='ltr'><strong>esse</strong></span> <span class='ocrx_word' id='word_1_63' title='bbox 480 2295 618 2423; x_wconf 69' lang='lat' dir='ltr'><strong>dorsete</strong></span> <span class='ocrx_word' id='word_1_64' title='bbox 632 2361 727 2442; x_wconf 85' lang='lat' dir='ltr'><strong>atque</strong></span> <span class='ocrx_word' id='word_1_65' title='bbox 741 2359 858 2442; x_wconf 86' lang='lat' dir='ltr'><strong>turpia,</strong></span> <span class='ocrx_word' id='word_1_66' title='bbox 880 2359 935 2422; x_wconf 89' lang='lat' dir='ltr'><strong>sed</strong></span> <span class='ocrx_word' id='word_1_67' title='bbox 951 2360 1059 2423; x_wconf 90' lang='lat' dir='ltr'><strong>omnia</strong></span> 
     </span>
     <span class='ocr_line' id='line_1_15' title="bbox 95 2441 1058 2526; baseline 0.002 -22"><span class='ocrx_word' id='word_1_68' title='bbox 95 2441 256 2505; x_wconf 86' lang='lat' dir='ltr'><strong>maiorum</strong></span> <span class='ocrx_word' id='word_1_69' title='bbox 282 2442 439 2506; x_wconf 86' lang='lat' dir='ltr'><strong>institutis</strong></span> <span class='ocrx_word' id='word_1_70' title='bbox 460 2442 609 2526; x_wconf 85' lang='lat' dir='ltr'><strong>iudicari,</strong></span> <span class='ocrx_word' id='word_1_71' title='bbox 636 2463 703 2506; x_wconf 89' lang='lat' dir='ltr'><strong>non</strong></span> <span class='ocrx_word' id='word_1_72' title='bbox 724 2441 967 2506; x_wconf 85' lang='lat' dir='ltr'><strong>admirabuntur</strong></span> <span class='ocrx_word' id='word_1_73' title='bbox 998 2462 1058 2506; x_wconf 87' lang='lat' dir='ltr'><strong>nos</strong></span> 
     </span>
     <span class='ocr_line' id='line_1_16' title="bbox 95 2524 1059 2608; baseline 0.002 -20"><span class='ocrx_word' id='word_1_74' title='bbox 95 2526 132 2588; x_wconf 89' lang='lat' dir='ltr'><strong>in</strong></span> <span class='ocrx_word' id='word_1_75' title='bbox 164 2524 337 2598; x_wconf 81' lang='lat' dir='ltr'><strong>Graiorum</strong></span> <span class='ocrx_word' id='word_1_76' title='bbox 368 2525 540 2592; x_wconf 83' lang='lat' dir='ltr'><strong>virtutibus</strong></span> <span class='ocrx_word' id='word_1_77' title='bbox 578 2524 774 2608; x_wconf 86' lang='lat' dir='ltr'><strong>exponendis</strong></span> <span class='ocrx_word' id='word_1_78' title='bbox 811 2546 916 2598; x_wconf 87' lang='lat' dir='ltr'><strong>mores</strong></span> <span class='ocrx_word' id='word_1_79' title='bbox 947 2546 1059 2590; x_wconf 89' lang='lat' dir='ltr'><strong>eorum</strong></span> 
     </span>
    </p>
   </div>
   <div class='ocr_carea' id='block_1_7' title="bbox 94 2609 1090 2925">
    <p class='ocr_par' dir='ltr' id='par_1_7' title="bbox 94 2609 1090 2925">
     <span class='ocr_line' id='line_1_17' title="bbox 96 2609 1090 2694; baseline 0.002 -23"><span class='ocrx_word' id='word_1_80' title='bbox 96 2611 232 2674; x_wconf 88' lang='lat' dir='ltr'><strong>secutos.</strong></span> <span class='ocrx_word' id='word_1_81' title='bbox 275 2630 380 2694; x_wconf 89' lang='lat' dir='ltr'><strong>neque</strong></span> <span class='ocrx_word' id='word_1_82' title='bbox 402 2610 489 2674; x_wconf 90' lang='lat' dir='ltr'><strong>enim</strong></span> <span class='ocrx_word' id='word_1_83' title='bbox 511 2609 639 2676; x_wconf 80' lang='lat' dir='ltr'><strong>Cimoni</strong></span> <span class='ocrx_word' id='word_1_84' title='bbox 662 2609 726 2674; x_wconf 82' lang='lat' dir='ltr'><strong>fuit</strong></span> <span class='ocrx_word' id='word_1_85' title='bbox 745 2613 854 2694; x_wconf 84' lang='lat' dir='ltr'><strong>turpe,</strong></span> <span class='ocrx_word' id='word_1_86' title='bbox 880 2610 1090 2687; x_wconf 76' lang='lat' dir='ltr'><strong>Athenien-4</strong></span> 
     </span>
     <span class='ocr_line' id='line_1_18' title="bbox 95 2693 1059 2779; baseline 0.004 -23"><span class='ocrx_word' id='word_1_87' title='bbox 95 2693 180 2756; x_wconf 85' lang='lat' dir='ltr'><strong>sium</strong></span> <span class='ocrx_word' id='word_1_88' title='bbox 201 2714 326 2759; x_wconf 88' lang='lat' dir='ltr'><strong>summo</strong></span> <span class='ocrx_word' id='word_1_89' title='bbox 348 2693 427 2778; x_wconf 87' lang='lat' dir='ltr'><strong>viro,</strong></span> <span class='ocrx_word' id='word_1_90' title='bbox 450 2715 592 2760; x_wconf 88' lang='lat' dir='ltr'><strong>sororem</strong></span> <span class='ocrx_word' id='word_1_91' title='bbox 607 2715 792 2779; x_wconf 84' lang='lat' dir='ltr'><strong>germanam</strong></span> <span class='ocrx_word' id='word_1_92' title='bbox 806 2694 923 2759; x_wconf 88' lang='lat' dir='ltr'><strong>habere</strong></span> <span class='ocrx_word' id='word_1_93' title='bbox 938 2695 973 2759; x_wconf 91' lang='lat' dir='ltr'><strong>in</strong></span> <span class='ocrx_word' id='word_1_94' title='bbox 994 2715 1059 2760; x_wconf 87' lang='lat' dir='ltr'><strong>ma·</strong></span> 
     </span>
     <span class='ocr_line' id='line_1_19' title="bbox 94 2777 1060 2925; baseline 0.003 -85"><span class='ocrx_word' id='word_1_95' title='bbox 94 2777 265 2861; x_wconf 85' lang='lat' dir='ltr'><strong>trimonio,</strong></span> <span class='ocrx_word' id='word_1_96' title='bbox 298 2778 416 2925; x_wconf 75' lang='lat' dir='ltr'><strong>quippe</strong></span> <span class='ocrx_word' id='word_1_97' title='bbox 450 2799 523 2844; x_wconf 92' lang='lat' dir='ltr'><strong>cum</strong></span> <span class='ocrx_word' id='word_1_98' title='bbox 552 2779 637 2842; x_wconf 89' lang='lat' dir='ltr'><strong>cives</strong></span> <span class='ocrx_word' id='word_1_99' title='bbox 656 2777 733 2854; x_wconf 84' lang='lat' dir='ltr'><strong>eius</strong></span> <span class='ocrx_word' id='word_1_100' title='bbox 760 2777 871 2843; x_wconf 88' lang='lat' dir='ltr'><strong>eodem</strong></span> <span class='ocrx_word' id='word_1_101' title='bbox 893 2781 1060 2843; x_wconf 88' lang='lat' dir='ltr'><strong>uterentur</strong></span> 
     </span>
    </p>
   </div>
   <div class='ocr_carea' id='block_1_8' title="bbox 63 2861 1088 3618">
    <p class='ocr_par' dir='ltr' id='par_1_8' title="bbox 63 2861 1088 3618">
     <span class='ocr_line' id='line_1_20' title="bbox 95 2861 1059 2946; baseline 0.003 -21"><span class='ocrx_word' id='word_1_102' title='bbox 95 2861 256 2927; x_wconf 81' lang='lat' dir='ltr'><strong>instituto.</strong></span> <span class='ocrx_word' id='word_1_103' title='bbox 300 2867 367 2926; x_wconf 80' lang='lat' dir='ltr'><strong>atr</strong></span> <span class='ocrx_word' id='word_1_104' title='bbox 410 2861 539 2946; x_wconf 90' lang='lat' dir='ltr'><strong>quidem</strong></span> <span class='ocrx_word' id='word_1_105' title='bbox 559 2863 678 2927; x_wconf 86' lang='lat' dir='ltr'><strong>nostris</strong></span> <span class='ocrx_word' id='word_1_106' title='bbox 692 2862 834 2927; x_wconf 90' lang='lat' dir='ltr'><strong>moribus</strong></span> <span class='ocrx_word' id='word_1_107' title='bbox 856 2862 946 2927; x_wconf 83' lang='lat' dir='ltr'><strong>nefus</strong></span> <span class='ocrx_word' id='word_1_108' title='bbox 963 2861 1059 2928; x_wconf 86' lang='lat' dir='ltr'><strong>habe·</strong></span> 
     </span>
     <span class='ocr_line' id='line_1_21' title="bbox 95 2945 1060 3030; baseline 0.001 -20"><span class='ocrx_word' id='word_1_109' title='bbox 95 2948 158 3010; x_wconf 79' lang='lat' dir='ltr'><strong>tur.</strong></span> <span class='ocrx_word' id='word_1_110' title='bbox 196 2945 284 3010; x_wconf 87' lang='lat' dir='ltr'><strong>laudi</strong></span> <span class='ocrx_word' id='word_1_111' title='bbox 305 2946 341 3010; x_wconf 90' lang='lat' dir='ltr'><strong>in</strong></span> <span class='ocrx_word' id='word_1_112' title='bbox 356 2945 457 3012; x_wconf 80' lang='lat' dir='ltr'><strong>Creta</strong></span> <span class='ocrx_word' id='word_1_113' title='bbox 466 2945 593 3012; x_wconf 90' lang='lat' dir='ltr'><strong>ducitur</strong></span> <span class='ocrx_word' id='word_1_114' title='bbox 612 2946 857 3011; x_wconf 81' lang='lat' dir='ltr'><strong>adulescentulis</strong></span> <span class='ocrx_word' id='word_1_115' title='bbox 879 2966 975 3028; x_wconf 90' lang='lat' dir='ltr'><strong>quam</strong></span> <span class='ocrx_word' id='word_1_116' title='bbox 989 2947 1060 3030; x_wconf 90' lang='lat' dir='ltr'><strong>plu·</strong></span> 
     </span>
     <span class='ocr_line' id='line_1_22' title="bbox 63 3028 1060 3098; baseline 0.006 -6"><span class='ocrx_word' id='word_1_117' title='bbox 63 3045 66 3050; x_wconf 87' lang='grc'><strong><em>·</em></strong></span> <span class='ocrx_word' id='word_1_118' title='bbox 95 3028 195 3093; x_wconf 88' lang='lat' dir='ltr'><strong>rimos</strong></span> <span class='ocrx_word' id='word_1_119' title='bbox 216 3029 366 3094; x_wconf 79' lang='lat' dir='ltr'><strong>habuisse</strong></span> <span class='ocrx_word' id='word_1_120' title='bbox 388 3033 555 3096; x_wconf 85' lang='lat' dir='ltr'><strong>amatores.</strong></span> <span class='ocrx_word' id='word_1_121' title='bbox 598 3029 689 3095; x_wconf 84' lang='lat' dir='ltr'><strong>nulla</strong></span> <span class='ocrx_word' id='word_1_122' title='bbox 709 3029 942 3096; x_wconf 77' lang='lat' dir='ltr'><strong>Lacedaemoni</strong></span> <span class='ocrx_word' id='word_1_123' title='bbox 963 3030 1060 3098; x_wconf 84' lang='lat' dir='ltr'><strong>vidua</strong></span> 
     </span>
     <span class='ocr_line' id='line_1_23' title="bbox 94 3114 1058 3211; baseline 0.003 -34"><span class='ocrx_word' id='word_1_124' title='bbox 94 3116 163 3176; x_wconf 83' lang='lat' dir='ltr'><strong>tam</strong></span> <span class='ocrx_word' id='word_1_125' title='bbox 191 3117 240 3178; x_wconf 86' lang='lat' dir='ltr'><strong>est</strong></span> <span class='ocrx_word' id='word_1_126' title='bbox 264 3114 398 3197; x_wconf 85' lang='lat' dir='ltr'><strong>nobilis,</strong></span> <span class='ocrx_word' id='word_1_127' title='bbox 433 3135 515 3211; x_wconf 76' lang='lat' dir='ltr'><strong>quae</strong></span> <span class='ocrx_word' id='word_1_128' title='bbox 540 3135 609 3179; x_wconf 92' lang='lat' dir='ltr'><strong>non</strong></span> <span class='ocrx_word' id='word_1_129' title='bbox 636 3114 677 3178; x_wconf 86' lang='lat' dir='ltr'><strong>ud</strong></span> <span class='ocrx_word' id='word_1_130' title='bbox 703 3134 814 3178; x_wconf 90' lang='lat' dir='ltr'><strong>cenam</strong></span> <span class='ocrx_word' id='word_1_131' title='bbox 836 3117 889 3179; x_wconf 86' lang='lat' dir='ltr'><strong>eat</strong></span> <span class='ocrx_word' id='word_1_132' title='bbox 914 3115 1058 3181; x_wconf 88' lang='lat' dir='ltr'><strong>mercede</strong></span> 
     </span>
     <span class='ocr_line' id='line_1_24' title="bbox 94 3195 1088 3296; baseline 0.002 -36"><span class='ocrx_word' id='word_1_133' title='bbox 94 3195 262 3292; x_wconf 83' lang='lat' dir='ltr'><strong>conducta.</strong></span> <span class='ocrx_word' id='word_1_134' title='bbox 298 3198 425 3294; x_wconf 76' lang='lat' dir='ltr'><strong>magnis</strong></span> <span class='ocrx_word' id='word_1_135' title='bbox 446 3220 482 3262; x_wconf 89' lang='lat' dir='ltr'><strong>m</strong></span> <span class='ocrx_word' id='word_1_136' title='bbox 502 3198 650 3294; x_wconf 80' lang='lat' dir='ltr'><strong>laudibus</strong></span> <span class='ocrx_word' id='word_1_137' title='bbox 666 3201 737 3262; x_wconf 82' lang='lat' dir='ltr'><strong>tota</strong></span> <span class='ocrx_word' id='word_1_138' title='bbox 756 3197 824 3262; x_wconf 86' lang='lat' dir='ltr'><strong>fere</strong></span> <span class='ocrx_word' id='word_1_139' title='bbox 844 3198 910 3262; x_wconf 86' lang='lat' dir='ltr'><strong>fuit</strong></span> <span class='ocrx_word' id='word_1_140' title='bbox 923 3198 1088 3296; x_wconf 78' lang='lat' dir='ltr'><strong>Graeciae</strong></span> 
     </span>
     <span class='ocr_line' id='line_1_25' title="bbox 94 3281 1060 3380; baseline 0.005 -37"><span class='ocrx_word' id='word_1_141' title='bbox 94 3283 251 3344; x_wconf 78' lang='lat' dir='ltr'><strong>vrctorem</strong></span> <span class='ocrx_word' id='word_1_142' title='bbox 280 3281 449 3365; x_wconf 75' lang='lat' dir='ltr'><strong>Olympiae</strong></span> <span class='ocrx_word' id='word_1_143' title='bbox 482 3283 588 3366; x_wconf 85' lang='lat' dir='ltr'><strong>artari,</strong></span> <span class='ocrx_word' id='word_1_144' title='bbox 620 3301 824 3380; x_wconf 69' lang='lat' dir='ltr'><strong>mecaenam</strong></span> <span class='ocrx_word' id='word_1_145' title='bbox 839 3304 914 3348; x_wconf 84' lang='lat' dir='ltr'><strong>vero</strong></span> <span class='ocrx_word' id='word_1_146' title='bbox 928 3283 1060 3366; x_wconf 72' lang='lat' dir='ltr'><strong>prodire</strong></span> 
     </span>
     <span class='ocr_line' id='line_1_26' title="bbox 93 3365 1058 3464; baseline 0.005 -36"><span class='ocrx_word' id='word_1_147' title='bbox 93 3365 271 3462; x_wconf 24' lang='lat' dir='ltr'><strong>acopopulo·</strong></span> <span class='ocrx_word' id='word_1_148' title='bbox 284 3386 352 3462; x_wconf 79' lang='lat' dir='ltr'><strong>esse</strong></span> <span class='ocrx_word' id='word_1_149' title='bbox 364 3367 548 3463; x_wconf 76' lang='lat' dir='ltr'><strong>spectaculo</strong></span> <span class='ocrx_word' id='word_1_150' title='bbox 570 3385 692 3462; x_wconf 78' lang='lat' dir='ltr'><strong>uenum</strong></span> <span class='ocrx_word' id='word_1_151' title='bbox 713 3387 750 3430; x_wconf 89' lang='lat' dir='ltr'><strong>1n</strong></span> <span class='ocrx_word' id='word_1_152' title='bbox 771 3365 889 3431; x_wconf 73' lang='lat' dir='ltr'><strong>eisdem</strong></span> <span class='ocrx_word' id='word_1_153' title='bbox 907 3368 1058 3464; x_wconf 77' lang='lat' dir='ltr'><strong>gentibus</strong></span> 
     </span>
     <span class='ocr_line' id='line_1_27' title="bbox 93 3447 1058 3618; baseline 0.003 -22"><span class='ocrx_word' id='word_1_154' title='bbox 93 3447 523 3616; x_wconf 49' lang='lat' dir='ltr'><strong>ditwinus</strong></span> <span class='ocrx_word' id='word_1_155' title='bbox 546 3471 656 3618; x_wconf 51' lang='lat' dir='ltr'><strong>tte?</strong></span> <span class='ocrx_word' id='word_1_156' title='bbox 672 3450 1058 3600; x_wconf 52' lang='lat' dir='ltr'><strong>didimia</strong></span> 
     </span>
    </p>
   </div>
   <div class='ocr_carea' id='block_1_9' title="bbox 144 3633 853 3687">
    <p class='ocr_par' dir='ltr' id='par_1_9' title="bbox 144 3633 853 3687">
     <span class='ocr_line' id='line_1_28' title="bbox 144 3633 853 3687; baseline -0.001 -10"><span class='ocrx_word' id='word_1_157' title='bbox 144 3633 277 3677; x_wconf 68' lang='lat' dir='ltr'><strong>cursurus</strong></span> <span class='ocrx_word' id='word_1_158' title='bbox 290 3633 373 3676; x_wconf 71' lang='lat' dir='ltr'><strong>Neres.</strong></span> <span class='ocrx_word' id='word_1_159' title='bbox 839 3641 853 3687; x_wconf 88' lang='lat'>1</span> 
     </span>
    </p>
   </div>
   <div class='ocr_carea' id='block_1_10' title="bbox 0 0 1232 3884">
    <p class='ocr_par' dir='ltr' id='par_1_10' title="bbox 0 0 1232 3884">
     <span class='ocr_line' id='line_1_29' title="bbox 0 0 1232 3884; baseline 0 0"><span class='ocrx_word' id='word_1_160' title='bbox 0 0 1232 3884; x_wconf 95' lang='lat' dir='ltr'><strong> </strong></span> 
     </span>
    </p>
   </div>
  </div>
 </body>
</html>
