2456 3884
443 265 515 312 xlv.
552 264 723 316 aurnuns.
746 263 823 314 a-a
1073 252 1116 318 53

142 403 258 485 ceptus
286 400 482 464 interficeret
507 401 631 466 hostes:
668 424 766 486 quare
793 403 934 486 relinqui
961 424 1034 468 eum
1058 426 1117 487 par

142 507 216 550 non
236 506 304 550 esse
327 487 359 548 et
382 505 492 548 omnes
515 485 685 551 confestim
707 487 806 570 sequi.
850 487 937 571 quod
959 488 986 552 si
1008 489 1116 553 animo

144 575 280 634 strenuo
303 569 466 653 fecissent,
488 569 634 634 futurum
655 574 693 635 ut
706 570 881 636 adversarii
901 592 970 635 non
986 576 1118 655 possent

142 654 310 737 resistere,
339 675 414 718 curn
436 657 468 718 et
488 653 576 718 intra
602 654 723 719 vallum
745 661 777 720 et
797 655 877 721 foris
899 655 1115 721 caederentur.

141 739 208 803 hac
240 759 276 803 re
304 738 441 822 probata
469 739 642 802 exercitum
672 739 792 822 educit,
824 739 1146 805 Mithrobarzanem

168 823 354 906 orsaquitur
381 826 522 886 tanturn:
551 823 702 906 quicum
725 823 766 888 ad
786 824 895 888 hostes
915 829 1116 908 pervenerat,

142 845 301 972 helenes
323 907 417 990 signa
444 905 558 970 inferri
579 907 677 971 iubet.
721 907 847 973 Pisidae
868 929 954 973 nova
975 929 1010 973 re
1031 921 1146 974 com-6

144 991 228 1056 moti
255 991 292 1054 in
319 989 508 1074 opinionem
534 990 737 1056 adducuntur
762 993 915 1079 perfugas
944 994 1030 1058 mala
1053 993 1117 1057 fide

144 1075 391 1158 compositoque
405 1074 533 1157 fecisse,
554 1080 591 1140 ut
604 1077 724 1160 recepti
738 1077 854 1142 maiori
868 1080 975 1142 essent
989 1078 1116 1142 calami·

142 1159 218 1224 tati.
251 1159 392 1242 primum
413 1179 469 1224 eos
489 1159 690 1224 adoriuntur.
733 1161 783 1224 illi
804 1183 886 1244 cum,
910 1161 986 1245 quid
1009 1181 1116 1246 agere-

144 1249 203 1307 tur
231 1248 287 1308 aut
311 1265 411 1326 quare
440 1244 545 1326 fieret,
578 1244 780 1330 ignorarent,
812 1245 915 1310 coacti
941 1249 1018 1309 sunt
1045 1267 1117 1310 curn

148 1327 197 1392 eis
222 1347 381 1412 pugnare,
412 1327 453 1390 ad
481 1349 561 1412 quos
588 1329 800 1412 transierant,
829 1330 869 1394 ab
896 1329 1000 1412 iisque
1022 1333 1116 1412 stare,

145 1432 230 1496 quos
251 1411 464 1495 reliquerant:
493 1413 704 1495 quibuscum
729 1414 837 1478 neutri
857 1417 1040 1498 parcerent,
1068 1434 1117 1477 ce-

144 1496 257 1561 leriter
279 1498 355 1560 sunt
376 1494 504 1561 concisi.
539 1497 679 1580 reliquos
700 1498 825 1563 Pisidas
847 1499 1030 1564 resistentes
1047 1496 1145 1562 Dar

147 1586 250 1645 tames
272 1579 412 1644 invadit:
434 1580 539 1677 primo
561 1583 683 1665 impetu
704 1583 807 1667 pellit,
828 1583 990 1668 fugientes
1011 1603 1116 1666 perse·

148 1665 275 1748 quitur,
297 1664 418 1728 multos
439 1665 605 1748 interficit,
627 1669 732 1730 eastra
752 1666 895 1732 hostium
917 1668 1012 1750 capit.
1054 1666 1145 1730 talis

149 1749 284 1813 consilio
308 1769 373 1812 uno
394 1751 539 1832 tempore
561 1754 594 1814 et
607 1749 787 1834 proditores
801 1749 939 1833 perculit
954 1753 987 1813 et
1005 1749 1116 1812 hostes

146 1833 343 1917 profligarit,
364 1836 407 1914 et,
430 1833 517 1980 quod
539 1833 579 1897 ad
596 1834 771 1917 pernicicm
793 1854 884 1897 suam
903 1832 1011 1896 fuerat
1031 1833 1116 1917 cogi·

146 1921 268 2000 11111111,
291 1917 324 1980 id
345 1915 387 1980 ad
408 1938 443 1980 aa
456 1921 544 1981 utem
566 1917 734 1982 convertit.
778 1938 842 2001 quo
864 1936 969 2000 neque
992 1917 1116 1980 acutius

147 2001 249 2065 ullius
274 2001 476 2098 imperatoris
505 2001 681 2086 cogitatum
708 2022 812 2086 neque
840 2001 973 2065 celerius
995 1999 1116 2066 factum

148 2105 289 2266 uquqnp
308 2085 500 2234 idd‘enhihhen
513 2170 584 2234 viro
600 2169 742 2254 Sysinas,
764 2171 903 2237 marimo
926 2173 1005 2234 natu
1019 2169 1115 2267 filius,
1131 2169 1149 2234 7

147 2253 262 2318 descnt
283 2251 324 2316 ad
345 2273 517 2340 regemque
539 2255 669 2319 transiit
695 2255 788 2320 etde
814 2255 992 2320 defectione
1014 2257 1116 2337 patris

148 2337 299 2401 1101111119
311 2358 375 2420 quo
397 2337 512 2402 nuntio
534 2341 728 2404 Artaxerxes
750 2342 938 2421 commotus,
961 2337 1048 2420 quod
1068 2338 1116 2400 in-

146 2421 324 2506 tellegebat
349 2422 411 2488 sibi
438 2443 511 2486 curn
532 2423 603 2486 viro
631 2422 709 2486 forti
730 2443 767 2486 ae
789 2426 921 2486 strenuo
947 2420 1116 2504 negotium

148 2527 233 2589 esse,
262 2505 334 2590 qui,
362 2527 434 2571 cum
460 2506 648 2592 cogitasset,
676 2505 782 2570 facere
809 2506 941 2569 auderet
968 2508 1001 2567 et
1025 2504 1116 2586 prius

148 2590 539 2757 secesserunt
559 2588 1146 2757 tttttttutttsdttt.

954 2723 964 2756 5
1106 2724 1114 2754 7

145 2759 183 2820 in
206 2779 270 2840 quo
294 2756 424 2822 Ciliciae
446 2762 649 2905 portassent
666 2758 756 2841 sitae,
778 2757 932 2824 Daternes
946 2777 1116 2840 praeoccu-

144 2862 225 2924 pare
243 2841 375 2907 studuit.
412 2863 445 2907 se
487 2847 555 2906 tarn
577 2842 682 2906 subito
705 2843 814 2926 copias
836 2841 1025 2906 contrahere
1047 2855 1146 2904 nona

144 2925 264 3008 potuit.
302 2948 322 2990 a
343 2947 407 3010 qua
427 2947 462 2990 re
477 2926 628 3010 depulsus
646 2947 718 2990 cum
741 2948 779 2990 ea
798 2946 907 3008 manu,
930 2945 1027 3006 quarn
1042 2945 1117 2988 con·

144 3013 303 3093 traxerat,
326 3011 433 3075 locum
453 3010 567 3094 deligit
579 3011 693 3092 talem,
715 3014 753 3074 ut
773 3030 878 3092 neque
896 3007 1117 3074 circumiretur

146 3094 190 3156 ab
211 3094 356 3158 hostibus
371 3116 476 3179 neque
490 3093 681 3178 praeteriret
698 3092 898 3157 adversarius
905 3141 914 3175 ‚
937 3092 1017 3176 quin
1032 3094 1117 3158 anci·

146 3177 269 3260 pitibus
295 3178 374 3243 locis
399 3182 600 3262 premeretur
641 3181 687 3260 et,
715 3178 744 3242 si
769 3177 919 3242 dimicare
945 3198 983 3241 eo
1009 3178 1117 3261 vellet,

144 3281 215 3408 pptp
236 3262 375 3409 multpm
404 3262 516 3328 obesse
543 3228 716 3327 multitudo
742 3261 885 3326 hostium
911 3283 988 3326 suae
1010 3263 1117 3346 pauci-

252 3366 346 3410 osse.

265 3450 321 3494 aec
343 3430 404 3494 etsi
425 3429 688 3514 Autophrodates
710 3429 840 3494 ridebat
875 3434 985 3494 tamem
1006 3427 1153 3492 statuit8

144 3513 300 3599 congredi
323 3535 420 3598 quam
443 3535 516 3578 cum
536 3515 635 3579 tantis
666 3514 767 3598 copiis
794 3479 942 3598 reiugere
969 3514 1026 3577 aut
1050 3515 1117 3576 tam
