2456 3884
122 257 162 320 12
377 269 415 318 11.
446 267 719 318 rnaursrocnns.
741 263 765 313 r.
785 265 810 316 e.
908 249 911 252 ’

120 426 179 470 aue
201 404 347 486 oonsilio,
369 403 456 488 quod
469 403 633 467 communi
647 403 716 467 iure
733 403 878 488 gentium
893 403 998 468 faeere
1013 427 1086 489 pos·

121 492 208 586 sent3
230 487 306 552 deos
326 487 472 634 publicos
494 507 631 571 suosque
653 487 775 570 patrios
796 507 834 551 ac
854 492 998 584 penates,
1021 511 1086 587 quo

120 573 247 638 facrhus
267 573 308 636 ab
354 575 425 636 oete
444 574 577 668 possent
597 568 782 653 defendere,
806 593 908 636 muris
929 594 1087 656 saepsmse

91 669 107 720 c
122 677 226 740 neque
247 655 335 720 ineo
350 653 438 738 quod
450 655 566 720 mutilo
580 658 664 720 esset
678 653 830 720 Graeciae
852 655 976 721 fecisse.
990 699 997 708 -
1009 678 1086 722 nam
1177 679 1181 688 ·

121 741 251 806 illerum
281 739 394 806 urbem
420 743 459 804 ut
488 738 767 824 propugnaculum
798 739 983 823 oppositum
1016 762 1086 828 esse

120 825 278 922 barbaris,
306 823 392 908 apud
417 844 514 906 quam
534 823 600 886 iam
628 823 678 888 bis
700 823 817 888 classes
844 824 950 908 regias
971 824 1086 891 fecisse

91 907 335 994 tnaufragrum.
378 905 647 972 Lacedaemonios
674 911 781 972 autem
803 908 886 972 male
913 912 946 972 et
966 909 1087 974 iniuste
1196 938 1197 943 ¹

121 993 236 1090 faceret
259 993 316 1076 qui
336 991 370 1056 id
390 991 500 1076 potius
521 992 723 1058 intuerentur
754 991 842 1075 quod
863 992 1007 1076 ipsorum
1029 993 1085 1057 do·
1220 1012 1222 1032 ³

121 1076 291 1142 minationi
312 1096 409 1159 quam
432 1075 519 1160 quod
533 1077 700 1140 universae
716 1041 868 1140 ilraeoiae
888 1077 968 1141 utile
990 1080 1083 1142 esset.

121 1181 229 1245 quare,
251 1160 278 1224 si
300 1181 375 1227 suos
388 1160 513 1245 legatos
527 1160 666 1243 recipere
682 1159 813 1243 vellent,
835 1181 916 1243 quoe
937 1160 1084 1225 Athenas

120 1245 289 1344 miserant,
316 1265 350 1308 se
371 1245 586 1326 remitterent,
608 1263 678 1340 acm
699 1243 793 1307 aliter
814 1243 889 1308 illos
907 1265 1084 1328 numquam

85 1351 156 1476 8m
177 1331 443 1477 pllfflneiiciiit
459 1331 722 1508 iiliregpituriivium
744 1418 885 1476 ¹suorum
916 1411 1083 1476 invidiam.

121 1517 260 1578 namque
275 1497 317 1559 ob
332 1494 469 1558 eundern
484 1499 643 1578 timorem,
666 1516 729 1578 quo
745 1493 914 1559 damnatus
928 1500 997 1559 erat
1010 1493 1084 1558 Mil-

121 1579 232 1672 tiades,
254 1578 444 1642 testularum
463 1579 625 1675 suffragiis
648 1600 665 1642 e
688 1577 817 1644 civitate
839 1580 958 1643 eiectus
976 1581 1085 1662 Argos

91 1663 302 1728 thabitatum
330 1666 495 1727 concessrt.
539 1663 592 1726 hro
621 1683 693 1727 cum
719 1666 852 1746 propter
879 1663 996 1726 multas
1021 1663 1082 1726 vir·

119 1751 205 1812 tutes
234 1766 353 1831 magna
380 1767 453 1810 cum
485 1745 641 1831 dignitate
668 1746 807 1830 viveret,
837 1745 1083 1814 Lacedaemonii
1176 1822 1177 1825 Ἴ

120 1831 244 1918 legatos
265 1830 411 1895 Athenas
432 1831 604 1914 miserunt,
633 1834 690 1914 qui
711 1851 784 1894 eum
805 1831 971 1894 absentem
992 1850 1083 1894 accu-

120 1919 237 1998 sarent,
260 1913 346 1998 quod
360 1915 544 1980 societatem
558 1935 720 1999 cum'rege
741 1914 839 1979 Perse
859 1915 900 1978 ad
915 1913 1084 1978 Graeciam
1175 1949 1176 1952 ¹

121 1997 363 2083 opprimendam
389 1997 526 2064 fecisset
556 1998 643 2064 hoc
670 1997 803 2062 crimine
835 1999 951 2064 absens
977 1997 1083 2082 prodi·

90 2083 219 2148 etiom's
241 2082 409 2146 damnatus
431 2085 488 2146 est
531 2082 565 2145 id
586 2085 623 2146 ut
643 2082 779 2165 audivit,
807 2083 894 2166 quod
915 2103 984 2146 non
1005 2083 1085 2146 satis

119 2170 225 2229 tutum
247 2185 280 2229 se
302 2165 399 2248 Argis
421 2165 564 2246 videbat,
592 2164 764 2249 Corcyram
790 2165 991 2248 demigravit.
1035 2167 1082 2230 ibi

120 2269 201 2394 cunp)
208 2247 275 2394 elilus
289 2248 449 2394 principes
464 2246 741 2314 animadvertisset
754 2249 874 2332 timere,
891 2270 933 2313 ne
947 2254 1083 2332 propter

119 2352 220 2499 iint,e
229 2352 470 2499 alluitffietum
498 2414 675 2481 Molossum
701 2437 828 2501 regem,
857 2437 932 2482 eum
960 2439 1024 2501 quo
1053 2418 1083 2482 ei

119 2501 297 2584 hospitium
325 2505 406 2583 erat,
435 2500 591 2585 confugit
635 2501 699 2565 huo
726 2521 798 2564 cum
826 2502 967 2566 venisset
993 2503 1081 2564 etin

90 2585 302 2667 rpraesenua
322 2605 378 2648 rex
400 2584 538 2667 abesset,
567 2605 631 2668 quo
652 2584 773 2648 maiore
794 2585 950 2670 religione
977 2605 1011 2649 se
1032 2606 1080 2648 re-

120 2670 248 2751 ceptum
262 2670 414 2750 tueretur,
434 2668 534 2732 filiam
549 2669 617 2732 eius
631 2669 798 2750 parvulam
812 2669 948 2752 arripuit
962 2672 1080 2733 etcum

119 2773 158 2817 ea
179 2772 212 2816 ee
233 2750 268 2814 in
283 2751 470 2835 sacrarium,
493 2752 579 2834 quod
601 2773 725 2816 summa
745 2752 911 2817 celebatur
931 2753 1082 2828 caerimo-

118 2833 469 2985 tcttttta'fflt
483 2837 899 2984 ppmppgeffiaauffi,
915 2853 1083 2984 qttele'sdl

90 3013 197 3068 enam
218 3025 291 3067 cum
311 3005 351 3068 ab
368 3003 625 3068 ,Atheniensibus
647 2942 687 3068 ei
705 2941 966 3068 Ladedaemoriiie
988 3025 1084 3086 expo-

120 3089 260 3151 sceretur
303 3088 423 3170 ublioe,
446 3109 483 3152 eu
528 3087 622 3150 licem
643 3108 711 3152 non
731 3087 876 3170 prodidit
894 3088 1084 3170 monuitque

119 3174 157 3233 ut
177 3108 359 3234 consuleret
373 3171 450 3235 sibi:
473 3109 602 3235 ‹lilfieile
625 3171 710 3234 enim
732 3191 800 3236 esee
821 3173 857 3236 in
870 3175 938 3236 tam
951 3173 1084 3255 propin-

142 3276 184 3318 uo
212 3253 283 3350 loco
311 3255 382 3348 tute
416 3275 489 3318 eum
521 3254 649 3318 versari.
700 3254 809 3338 itaque
831 3255 982 3338 „Pydnam
1010 3277 1083 3318 eum

86 3275 233 3404 siecum
254 3339 347 3400 russrt
368 3339 401 3399 et
422 3337 508 3420 quod
530 3339 606 3402 satis
621 3341 704 3424 esset
724 3339 875 3421 praesidii
897 3337 992 3402 dedit
1029 3339 1083 3403 hio

117 3419 154 3487 in
184 3431 299 3487 navem
330 3420 477 3483 omnibus
501 3421 632 3516 ignotus
659 3423 765 3486 nautis
793 3422 943 3486 escendit.
1001 3442 1083 3505 quae

117 3523 191 3576 cum
221 3507 409 3588 tempestate
437 3525 576 3569 mamma
602 3504 729 3570 Naxum
752 3506 904 3588 ferretur,
936 3506 991 3570 ubi
1013 3510 1084 3572 tum

422 2332 637 2396 aoedaemonii
666 2336 699 2397 et
726 2331 941 2397 Athenienses
963 2333 1082 2398 indice-
