2456 3884
349 289 396 338 iv.
425 261 628 339 rausarms'.
648 285 673 337 r.
695 286 720 338 a.
979 277 1015 343 ll
1071 334 1076 344 .

47 426 92 492 ad
115 447 189 490 eum
209 424 321 489 mittas
343 423 421 508 face,
445 445 518 488 oum
540 445 603 510 quo
625 425 849 509 colloquatur!
891 429 947 491 rex
968 429 1050 493 toto

30 510 222 575 lominum
236 507 340 574 salute
354 511 421 571 tam
435 507 498 572 sibi
512 510 763 574 necessariorum
782 505 901 595 magno
924 533 943 576 o
968 531 1021 576 era

50 594 182 679 gavisus
208 591 381 658 confestim
402 609 475 656 eum
497 592 633 675 epistola
652 594 849 658 Artabazum
876 594 917 659 ad
938 533 1021 660 dau-

51 678 177 744 saniam
203 676 320 758 mittit,
347 676 384 740 in
407 697 474 760 qua
495 697 569 741 eum
590 677 764 761 collaudat,
815 677 882 762 etit,
904 700 946 744 ue
968 679 1020 744 oui

51 763 101 826 rei
126 765 239 846 pareat
270 759 378 825 adea
410 759 591 845 efficienda,
646 783 706 826 uae
762 783 781 827 o
811 762 959 828 'oereturz
992 763 1020 827 si

76 845 235 928 erleoerit,
257 844 378 908 nullius
399 844 448 909 rei
467 866 488 909 a
509 865 620 928 serap
737 784 888 911 liaturum.
923 846 1052 911 huiuss

53 869 232 994 l'ausanias
253 929 420 993 voluntate
449 929 579 1014 cognita
599 929 735 994 alacrior
756 929 797 994 ad
818 951 885 995 rem
907 951 1021 1028 geren·

56 1013 128 1077 dam
145 1013 252 1076 faetus
272 1013 309 1077 in
323 1013 538 1095 suspicionem
556 1012 671 1077 oeeidit
684 1012 1019 1080 Laoedaemomorum.

56 1118 120 1180 quo
141 1097 230 1162 laeto
253 1095 383 1161 domum
404 1099 584 1179 revocatus,
602 1100 768 1163 aecusatus
789 1097 903 1181 eapitis
917 1099 1022 1164 absol·

56 1181 158 1264 ritur,
180 1180 336 1245 multatur
356 1183 465 1244 tamen
480 1181 632 1263 pecunia:
654 1202 751 1264 quam
773 1181 815 1246 ob
830 1202 958 1245 eausam
980 1179 1022 1246 ad

58 1265 193 1328 classem
213 1264 362 1330 remissus
383 1284 452 1328 nou
473 1268 530 1329 est.

143 1347 191 1412 At
210 1347 268 1411 ille
286 1351 359 1430 post
378 1369 446 1413 uon
459 1349 562 1412 multo
584 1369 642 1413 sua
655 1353 770 1433 sponte
784 1347 824 1412 ad
846 1349 1057 1419 exerciturus

58 1430 152 1495 rediit
174 1433 207 1495 et
220 1430 268 1494 ibi
281 1451 350 1496 uon
364 1431 487 1516 callida,
509 1432 565 1497 sed
579 1432 719 1506 dementi
732 1434 858 1499 ratione
879 1434 1022 1519 cogitata

59 1515 223 1598 patefecit:
244 1516 421 1580 nonenim
442 1537 548 1581 mores
569 1518 690 1600 patrios
712 1517 825 1602 solum,
848 1515 904 1582 sod
925 1518 1022 1582 etiam

60 1599 180 1664 cultum
201 1601 417 1683 vestitumque
443 1600 589 1665 mutavit.
625 1623 645 1664 a
667 1605 781 1698 paratu
801 1601 891 1687 regio
913 1602 1052 1667 utebar

60 1686 118 1766 tur,
141 1687 229 1748 veste
251 1683 393 1768 Medica,
415 1685 568 1749 satellites
589 1683 624 1748 M
697 1685 890 1770 etAElgyptii
912 1707 1021 1771 seque-

60 1767 190 1832 bantur:
212 1767 402 1852 epulabatur
415 1789 504 1833 more
518 1767 689 1833 Persarum
702 1769 905 1852 luxuriosius,
946 1791 1022 1834 uam

26 1925 27 1928 ¹
59 1851 113 1933 qui
134 1849 404 1999 aderantpeffpti
417 1856 564 1936 possent:
586 1851 709 1918 aditum
724 1853 912 1998 petentibus
925 1791 1052 2000 llom

58 1935 226 2032 yeniundi]
247 1957 315 2002 non
368 1935 433 2020 bat,
456 1936 591 2034 superbe
604 1957 723 2020 respon
745 1939 827 2019 ebat,
850 1935 945 2000 erude
961 1937 1020 2035 'ter

27 2019 324 2190 tremat?
346 2023 448 2169 ue
468 2021 581 2201 aaz
600 2018 1023 2168 irroratum
1193 2143 1197 2150 .

28 2187 30 2248 l
60 2208 131 2250 oum
169 2188 269 2252 atriae
283 2191 353 2253 tum
374 2188 437 2253 sibi
451 2188 582 2252 immrea
596 2188 751 2272 sapiebat.
794 2187 828 2252 id
848 2193 1053 2273 postquam
1174 2197 1180 2206 '

28 2255 30 2348 l
60 2209 303 2368 Lacedaemonii
324 2272 513 2355 rescierunt,
534 2272 660 2358 legatos
681 2272 865 2352 eumolava
885 2273 926 2338 ad
947 2294 1021 2338 eum

60 2360 231 2440 miserunt,
258 2357 294 2421 in
321 2377 385 2440 qua
405 2377 494 2422 more
515 2355 646 2421 illorum
671 2359 740 2420 erat
760 2357 930 2439 seriptum:
957 2357 1021 2420 m‘si

60 2439 188 2503 domum
220 2443 448 2524 reverteretur,
487 2461 520 2505 se
553 2440 667 2524 eapitis
700 2459 773 2503 eum
806 2439 1021 2510 damnatiuos.

60 2522 121 2586 hoo
145 2524 264 2588 nuntio
292 2528 479 2608 commotus,
501 2544 633 2608 sperans
655 2543 689 2586 se
718 2521 815 2586 etiam
836 2526 907 2587 tum
926 2537 1051 2671 pleon-o
1106 2581 1110 2590 .

60 2607 114 2671 uia
143 2611 175 2671 et
200 2609 347 2691 potentia
375 2610 500 2674 instans
532 2607 709 2692 perieulum
754 2626 825 2670 osse
852 2605 932 2690 depe
958 2628 1020 2690 ere,

61 2689 190 2756 domum
211 2693 315 2757 rediit.
359 2693 422 2756 huo
443 2697 481 2758 ut
507 2693 610 2776 venit,
632 2691 672 2756 ab
701 2713 740 2774 ep
765 2691 829 2755 oris
858 2689 894 2754 iu
915 2691 1023 2756 vinela

40 2775 189 2857 'publiea
224 2779 276 2840 est
306 2777 485 2841 eonieotus:
523 2776 599 2841 lieet
633 2775 719 2840 enim
753 2775 878 2860 legibus
911 2795 1022 2838 eorum

59 2858 161 2923 cuivis
182 2860 305 2944 ephoro
325 2860 388 2928 hoo
409 2860 514 2926 faeere
540 2860 619 2945 regi.
668 2860 746 2924 hino
772 2861 882 2922 tamen
909 2877 943 2921 se
970 2877 1023 2920 ex-

32 3003 33 3032 ,
58 2943 196 3034 pedivit,
234 2965 339 3027 neque
366 2966 404 3009 eo
432 2945 535 3030 magis
562 2944 690 3008 carebat
717 2943 913 3025 suspicione:
945 2961 1023 3006 uam

32 3028 170 3155 'opinio
198 3029 351 3093 manebat
380 3045 454 3093 eum
481 3049 553 3118 oum
579 3049 656 3113 rege
682 3026 799 3090 habere
826 3023 1021 3090 societatem.

33 3169 34 3208 ,
59 3114 104 3174 est
125 3131 230 3196 genus
253 3111 412 3196 quoddam
426 3113 603 3194 hominum,
626 3108 712 3194 quod
726 3107 857 3174 Hilotae
877 3114 1053 3196 vocaturo

33 3213 34 3218 ¹
59 3216 198 3276 quorum
222 3217 342 3281 magna
372 3196 557 3261 multitudo.
574 3216 668 3280 agros
696 3192 1023 3260 lacedaemoniorum

33 3233 35 3324 l
59 3279 135 3342 solit
156 3299 386 3365 servorumque
400 3301 532 3345 munere
545 3279 702 3364 fungitur.
742 3276 803 3342 hos
818 3299 946 3363 quoque
960 3280 1022 3344 sol-

34 3433 35 3448 ,
59 3361 181 3428 licitare
201 3385 259 3448 spe
273 3364 430 3429 libertatis
444 3363 693 3428 existimabatur.
730 3361 785 3427 sed
806 3362 893 3446 quod
905 3363 1053 3426 harum?

34 3459 35 3462 ’
59 3467 163 3512 rerum
180 3449 307 3512 nullum
322 3452 391 3513 erat
404 3451 551 3532 apertum
565 3447 695 3530 crimen,
718 3466 781 3530 quo
797 3447 889 3545 argui
895 3450 1020 3543 posset,

59 3549 123 3597 uon
142 3533 306 3616 putabant
326 3531 365 3597 de
378 3532 437 3597 tali
450 3536 580 3616 tamque
595 3531 681 3596 olaro
694 3531 764 3596 viro
786 3529 1022 3613 susprerouibus

102 3632 336 3675 comum
789 3635 817 3684 a
