2456 3884
168 187 211 252 44
455 199 503 248 ιι.
538 195 753 248 mutemus.
774 191 800 243 e.
820 191 845 242 s.

138 335 305 422 siugavit,
321 354 385 419 quo
399 334 486 398 facto
500 353 651 418 magnam
666 332 800 416 adeptus
815 334 863 396 est
876 329 1023 415 gloriam.
1060 353 1139 396 cum

78 465 82 474 -
170 423 363 486 Artaxerxes
377 417 540 502 Aegyptio
555 417 625 502 regi
638 416 759 481 bellum
776 414 896 479 inferre
912 415 1025 498 voluit,
1047 415 1140 500 Iphi-

169 508 279 570 oratcn
293 503 334 570 ab
348 501 601 567 Atheniensibus
622 500 735 565 ducem
756 499 881 582 petivit,
903 519 1000 582 quem
1020 501 1139 582 praefi-

170 591 255 654 ceret
276 586 429 651 exercitui
456 584 673 667 conducticio,
701 583 792 647 cuiue
813 603 966 648 numerus
995 599 1048 648 x11
1076 585 1139 648 mi·

169 669 341 736 lium'fuit
397 690 492 754 quem
514 667 642 753 quidem
672 667 718 730 sic
747 666 835 731 omni
857 665 1026 750 disciplina
1051 668 1138 731 mili-

168 755 232 820 tari
246 753 393 837 erudivit,
415 757 461 836 ut,
483 773 579 836 quem
601 750 641 816 ad
662 749 793 848 modum
815 749 977 897 {tiendum
996 749 1138 816 Fabiani

168 838 287 904 milites
301 837 440 902 Romani
455 835 609 920 appellati
630 838 716 917 sunt,
732 855 778 899 sro
792 833 830 931 Ip
867 837 1026 898 cretenses
1048 857 1068 898 a
1092 859 1115 900 u

139 921 309 988 sGraccos
330 922 366 986 in
380 941 504 986 summe
524 919 618 984 laude
633 919 763 984 fuerint
806 917 892 982 idem
912 857 1138 984 subsidjoha

169 987 382 1071 cedacmonds
408 1002 572 1088 profectus
598 1000 842 1087 Epaminondas
875 1001 1049 1066 retardavit
1074 1003 1137 1068 im·

168 1093 271 1174 pctus.
314 1111 390 1154 nam
404 1089 468 1152 nisi
490 1088 557 1152 eius
572 1087 728 1152 adventus
743 1085 1042 1170 appropinquasset,
1064 1109 1137 1152 non

168 1169 581 1323 affidlhghgffiefftperta
610 1170 849 1253 abscessissent,
883 1190 980 1253 quam
1005 1175 1136 1254 captam

131 1345 152 1409 3
253 1341 330 1406 Fuit
343 1345 451 1406 autem
465 1343 499 1404 ct
512 1339 620 1404 animo
635 1359 753 1423 magno
768 1341 802 1402 ct
815 1359 949 1422 corpore
962 1339 1137 1420 imperato-

138 1425 414 1572 rhlaatidlderfdrdh?
436 1424 564 1571 hddipid)
581 1422 1009 1571 laosthenes*mnicnuriisfisrediluis-scd?t
1027 1423 1138 1572 aiffldldi-

169 1612 231 1675 que
252 1591 387 1674 patiens,
403 1555 447 1655 ’ut
467 1588 695 1673 Theopompus
717 1590 889 1664 memoriae
904 1527 1055 1674 prodidt,
1078 1591 1136 1655 bo·

167 1697 228 1740 nus
254 1696 331 1740 vero
360 1675 439 1740 civis
465 1673 591 1757 fideque
612 1695 740 1759 magna.
785 1673 871 1758 quod
898 1695 970 1738 cum
997 1675 1033 1739 in
1061 1675 1136 1740 aliis

167 1761 262 1826 rebus
294 1759 481 1843 declaravit,
513 1761 583 1823 tum
610 1758 748 1822 maxime
775 1758 810 1822 in
836 1759 998 1842 Amyntae
1027 1758 1136 1824 Mace·

168 1843 260 1908 donis
281 1844 390 1908 liberis
412 1842 548 1910 tuendis.
587 1863 727 1926 namque
748 1841 916 1926 Eurydice,
938 1846 1044 1907 mater
1058 1841 1135 1908 Per-

167 1927 274 1992 diccae
301 1931 334 1992 ct
353 1927 513 2011 Philippi,
543 1947 615 1991 oum
636 1925 689 1991 his
711 1925 836 1990 duobus
860 1925 968 2009 pueris
987 1927 1136 2010 Amynta

166 2014 295 2076 mortuo
309 2009 351 2074 ad
364 2011 548 2094 Iphicraten
562 2009 711 2094 confugit
725 2010 856 2094 eiusque
870 2009 985 2093 opibus
1000 2009 1135 2076 defensa

136 2099 226 2156 aest.
269 2094 351 2157 vixit
372 2094 413 2157 ad
434 2095 630 2158 senectutem
656 2093 791 2189 placatis
817 2094 853 2158 in
880 2115 914 2158 sc
935 2114 1066 2159 suorum
1090 2097 1136 2160 ci·

166 2174 255 2238 vium
277 2176 402 2240 animis.
446 2196 574 2240 causam
596 2176 709 2258 caprtis
731 2176 829 2242 semel
851 2175 946 2260 dixit,
973 2177 1058 2242 bello
1082 2201 1135 2244 sc-

165 2256 256 2341 ciali,
278 2259 374 2324 simul
396 2279 468 2324 cum
490 2257 675 2344 Timotheo,
705 2281 807 2343 eoque
827 2260 944 2326 iudicio
967 2265 1016 2326 est
1040 2264 1136 2328 abso-

133 2338 263 2407 tlutus.
305 2341 493 2409 Menesthea
513 2343 616 2408 filium
636 2344 768 2428 reliquit
789 2366 828 2408 ex
849 2343 986 2410 'I'hrassa
1006 2349 1135 2430 natum,

164 2419 240 2488 Coti
262 2429 348 2514 regis
369 2428 445 2494 filia.
489 2429 517 2493 is
537 2448 610 2492 cum
624 2429 886 2514 interrogaretur,
908 2433 1016 2494 utrum
1053 2429 1136 2496 luris

161 2509 291 2580 patrem
313 2517 490 2578 matremne
510 2511 639 2597 taceret,
663 2516 821 2578 ‘matrem’
843 2513 958 2597 in'quit.
1003 2515 1015 2577 i
1058 2535 1136 2578 cum
1197 2571 1205 2590 ,

160 2591 327 2684 Omnibus,
345 2598 462 2660 mirum
489 2595 663 2681 videretur,
702 2601 738 2661 at
769 2596 823 2661 ille
853 2597 991 2662 ‘merito'
1023 2597 1138 2682 inquit

159 2663 280 2738 ‘facroz
302 2698 379 2744 nam
401 2683 502 2763 pater,
525 2683 681 2761 quantum
702 2681 738 2744 in
758 2682 793 2745 sc
814 2680 886 2764 fuit,
901 2680 1059 2747 Thracem
1082 2704 1139 2748 me

154 2758 287 2843 genuit,
311 2749 483 2829 contra’ea
505 2766 608 2826 mater
629 2765 883 2829 Atheniensem!

550 2955 750 2980 ..An—...0-

457 3119 535 3194 ΧΠ.
587 3117 833 3194 OHABRIAS.

99 3210 419 3410 lhabifflakffi
433 3267 651 3362 Atheniensis.
699 3267 753 3331 hic
780 3287 909 3352 quoqu⁰
935 3269 972 3366 11}
997 3269 1140 3366 sum!

316 3428 373 3491 ,a
395 3350 1140 3508 ,utuutustuctttttt
