2456 3884
150 262 193 326 70
421 273 508 320 xvu.
543 268 745 318 renelmus.
759 263 840 313 o-e.

149 415 257 478 tutum
278 409 418 492 reliquit.
460 427 599 489 numque
621 404 669 468 illi
690 401 814 467 ediecto
836 421 972 466 numero
993 420 1128 482 eorum,

155 496 213 579 qui
235 496 380 578 expertes
401 494 493 556 erent
514 489 651 571 consilii,
673 507 873 552 commovere
893 506 927 549 se
948 505 1019 549 non
1042 489 1128 548 eunt

150 580 221 644 euei
247 597 348 660 eoque
369 575 533 657 libentius,
554 572 642 656 qued
656 572 754 635 latere
773 571 1013 636 erbitrebentur
1035 587 1127 650 quae

104 747 133 810 ,7
150 663 435 812 comgiriemilibio
462 745 537 826 poet
557 740 759 806 Leuctricam
790 759 932 835 pugnem
947 736 1127 833 'Laced-ee·

150 829 254 895 monii
275 850 309 894 ee
329 849 507 910 numquam
527 826 708 890 refecerunt
735 844 840 906 neque
861 824 1037 905 prretmum
1061 843 1126 884 rm-

212 915 277 978 'um
297 913 536 994 recuperarunt,
559 930 631 974 eum
652 909 784 974 interim
804 926 981 988 numquem
1002 906 1126 990 Agesi-

150 935 221 1062 ξιξ
252 996 376 1060 destitit
412 995 665 1079 quibuscumque
703 993 798 1057 rebus
834 994 944 1074 posset
977 990 1125 1072 petrium

121 1082 271 1146 eiurare.
320 1101 398 1144 nem
430 1099 502 1142 cum
529 1078 698 1162 praecipue
726 1073 972 1141 Lacedaemonii
993 1073 1122 1158 indige-

151 1170 225 1230 rent
244 1165 396 1261 pecunie,
422 1162 479 1226 ille
506 1162 668 1240 omnibus,
700 1161 758 1243 qui
785 1183 805 1224 c
826 1180 902 1244 rege
924 1156 1120 1240 defecerant,

151 1246 311 1333 precordic
333 1248 413 1312 fuit:
436 1269 456 1312 u
477 1267 534 1329 qm
755 1244 891 1308 donatus
905 1242 1043 1326 pecunie

122 1333 250 1398 etriem
271 1331 460 1397 sublerevit
504 1247 600 1414 aegiso
614 1265 740 1396 m
761 1328 843 1392 illud
863 1327 899 1391 in
920 1327 1030 1410 primis
1051 1264 1124 1390 iiie

151 1416 354 1498 edmirebile,
381 1436 454 1480 oum
480 1414 619 1478 maxime
640 1434 773 1477 munere
800 1414 830 1476 ei
856 1412 897 1476 cb
926 1410 1053 1507 regibus
1078 1431 1122 1474 ec

151 1499 295 1581 dynastis
316 1498 564 1580 civitatibusque
582 1497 813 1580 conferrentur,
837 1494 924 1580 quod
944 1494 1026 1558 mhil
1046 1516 1121 1558 um-

121 1678 138 1726 4
151 1577 1121 1730 igentitud{ffiuffiaffiucticiiiffiiioffisseiiieriiciriitfflteie

150 1754 214 1833 tue,
236 1771 301 1834 quc
320 1748 555 1833 Borysthenes,
584 1749 773 1845 progenitor
793 1749 953 1812 meierum
974 1768 1119 1830 suorum,

150 1834 257 1900 fueret
278 1855 369 1899 usus:
392 1855 489 1918 quem
510 1833 566 1917 qui
586 1836 732 1915 mtrnret,
754 1832 880 1897 nullum
895 1832 1025 1916 signum
1045 1831 1119 1895 libi-

151 1917 245 2002 dinis,
267 1918 394 1982 nullum
408 1918 553 1982 luxuriae
567 1917 675 1982 videre
696 1920 833 2000 poteret,
854 1919 966 1980 contre
987 1937 1026 1980 ec
1045 1916 1120 1999 plu-

150 2002 233 2066 rime
264 2003 438 2085 petientiee
466 2006 563 2149 effle
589 2001 811 2066 abstinentiae.
856 1999 902 2064 eie
932 2000 1018 2064 enim
1046 2005 1120 2064 eret

150 2087 317 2181 instructa,
340 2090 377 2181 ut
397 2087 433 2148 in
453 2105 477 2147 n
564 2105 599 2148 re
618 2084 759 2149 differret
779 2084 919 2150 cuiusvis
940 2085 1046 2166 inopis
1067 2089 1119 2148 at

114 2188 213 2314 8que
234 2173 417 2347 megum
438 2253 548 2349 tentus
569 2253 620 2315 vir
641 2255 678 2316 ut
698 2255 848 2323 naturum
868 2253 1035 2317 fautricem
1054 2251 1117 2314 he-

150 2335 265 2398 bueret
285 2355 322 2399 m
342 2335 521 2400 tribuendre
543 2336 643 2400 enimi
664 2336 848 2420 virtutibuS,
870 2337 916 2401 sic
937 2335 1118 2400 meieficem
1204 2377 1206 2386 ‚

149 2421 263 2485 nectus
285 2421 334 2484 eet
354 2420 545 2504 incorpore
566 2419 733 2505 fingendo:
756 2442 833 2486 nem
856 2425 888 2485 et
909 2423 1031 2484 otetur-e
1051 2419 1120 2483 fuit

149 2503 266 2568 humili
295 2507 328 2568 et
359 2525 492 2587 corpore
524 2505 641 2588 exiguo
675 2508 709 2569 et
734 2505 865 2568 claudun
892 2504 995 2571 altero
1022 2503 1117 2587 pede.

150 2607 232 2668 quee
257 2607 310 2652 ree
338 2589 435 2652 etiem
461 2589 652 2654 nonnullam
685 2589 837 2653 efferebat
867 2587 1117 2670 deformitatem,

150 2672 246 2752 etque
260 2669 375 2754 ignoti,
397 2669 512 2735 faciem
527 2673 595 2737 eius
609 2693 683 2737 cum
701 2673 913 2755 intuerentur,
931 2675 1118 2736 contemne-

151 2753 239 2836 bcnt,
262 2753 318 2838 qui
340 2758 447 2818 eutem
468 2756 603 2821 virtutes
617 2761 785 2839 nocerent,
806 2777 874 2821 non
888 2759 1041 2839 poterent
1061 2755 1118 2820 ed·

119 2838 261 2904 emiruri
282 2839 369 2904 setis.
435 2837 499 2902 uod
521 2839 551 2902 ei
565 2860 626 2904 usu
641 2841 738 2924 venit,
761 2862 834 2904 cum
851 2860 1012 2904 annorum
1027 2843 1117 2904 octo

149 2924 241 3005 giute
262 2859 534 2988 subsidioql'echo
555 2921 591 2987 in
613 2926 661 2988 Ae
705 2928 797 3008 ptum
818 2924 909 2988 iisset
930 2927 963 2987 et
986 2923 1022 2986 in
1043 2927 1119 2986 eote

149 3008 310 3087 eumenis
330 3008 530 3072 occubuisset
550 3008 620 3072 eine
689 3029 708 3072 o
730 3011 814 3073 tecto
837 3010 1037 3090 etretumque
1058 3005 1118 3069 hc-

148 3086 247 3182 beret·
261 3089 334 3173 tale,
357 3095 395 3156 ut
415 3094 501 3156 terre
521 3095 607 3156 tecte
628 3095 711 3156 eeeet
731 3092 914 3157 strumentis
929 3111 1033 3173 neque
1050 3090 1117 3154 hnc

150 3169 288 3253 amphus
309 3193 406 3254 quem
427 3174 521 3258 pellis
543 3178 627 3240 esset
640 3176 767 3258 iniecto,
790 3176 965 3260 eodemque
980 3174 1115 3238 comites

151 3274 262 3318 omnes
284 3257 507 3324 occubuissent
520 3259 639 3324 vestitu
653 3258 768 3323 humili
787 3263 884 3343 etque
899 3257 1055 3339 obsoleto,
1078 3261 1118 3321 ut

150 3359 261 3402 eorum
293 3343 425 3404 ornatus
452 3363 520 3408 non
545 3343 641 3408 modo
674 3343 709 3406 in
736 3343 787 3406 hir
815 3363 923 3428 regem
950 3341 1118 3406 neminem

149 3422 354 3508 significaret,
376 3423 432 3488 sed
452 3425 599 3491 homines
620 3447 689 3491 non
702 3426 903 3492 beatissimos
924 3447 992 3490 esse
1013 3425 1117 3508 suspi-

116 3507 277 3572 ecicnem
297 3507 473 3590 praeberet.
517 3509 612 3574 huius
640 3511 679 3575 de
704 3510 845 3575 aduentu
871 3511 958 3574 sume
979 3531 1053 3576 cum
1074 3508 1116 3572 ari
