2456 3884
338 211 439 260 xviu.
473 212 644 262 nonanes.
669 210 777 260 11-13.
994 200 1036 264 79

66 347 262 430 potestatem
284 345 408 408 inimici
430 347 590 410 venires'?
621 347 697 412 huic
717 347 877 413 Eumenes
899 351 1063 416 ‘utinams

3 507 5 516 y
68 430 202 513 quidem
227 429 315 494 istud
342 429 513 527 evenisset!
550 429 605 494 sed
633 452 671 494 eo
699 452 767 495 non
794 431 923 516 accidit,
951 435 1037 516 quod

67 535 247 597 numquam
270 534 343 576 cum
369 513 503 578 fortiore
528 535 599 577 sum
620 535 823 600 congressus:
861 517 1037 582 nonenim

68 619 161 695 cum·
175 618 339 681 quoquam
365 618 453 692 arma
486 597 623 680 contuli,
657 599 736 681 quin
762 599 790 664 is
819 600 907 663 mihi*
928 622 1037 666 succu-

68 683 186 778 buent,
230 679 431 827 ¹¹⁰¹¹.J.⁰mmi
459 681 577 747 virtute
604 679 762 762 hostium,
784 683 840 747 sed
861 685 1037 750 amicorum

92 763 205 864 erfidia
238 763 308 860 decr
330 771 364 828 1.'
418 784 523 848 neque
553 764 586 828 id
618 770 686 830 erat
717 765 843 830 falsum.
889 767 976 853 [nam
1005 772 1037 832 et

103 851 228 934 gmtate
255 847 320 912 furt
334 847 477 913 ¹honesta
498 852 531 912 et
552 848 673 920 viribus
700 849 741 920 ad
761 851 904 915 laborem
931 851 1035 916 feren·

70 933 148 996 dum
168 932 270 1102 itiarrpis
291 952 396 1014 neque
417 935 484 996 tam
505 951 623 1016 magno
653 953 786 1016 corpore
815 955 910 1018 quam
932 935 1036 1020 figura

70 1037 173 1080 venus
210 1065 217 1079 .

156 1099 205 1163 De
233 1101 296 1164 hoc
321 1101 506 1196 Antigonus
534 1121 607 1164 cum
635 1101 722 1166 solus
750 1105 944 1167 constituere
965 1123 1032 1166 non
1045 1102 1084 1165 12

71 1184 213 1266 auderet,
236 1182 276 1247 ad
290 1183 460 1249 consilium
473 1185 606 1250 rettulit.
643 1184 697 1249 hio
712 1205 784 1250 eum
799 1207 910 1251 omnes
930 1187 1035 1268 primo

3 1333 4 1336 ,
69 1267 250 1350 perturbati
276 1267 524 1351 admirarentur,
557 1288 625 1332 non
651 1267 716 1332 iam
738 1268 776 1333 de
807 1289 844 1333 eo
872 1273 1036 1352 sumptum
1158 1285 1162 1305 ¹

71 1372 147 1448 esse·
164 1351 369 1448 supplicium,
397 1375 417 1416 e
438 1373 502 1435 quo
525 1354 575 1417 tot
595 1372 698 1448 annos
720 1351 799 1416 adeo
821 1357 927 1418 essent
951 1353 1035 1418 maie
1144 1369 1146 1374 ·

70 1435 191 1532 habitr,
223 1439 261 1499 ut
287 1457 381 1519 saepe
407 1435 447 1498 ad
475 1435 729 1519 desperationem
760 1435 870 1500 forent
896 1435 1034 1518 adducti,

3 1599 4 1602 Ἴ
72 1539 191 1602 qusque
212 1519 484 1608 meximosduces
503 1519 731 1602 interfecisset,
753 1519 890 1603 denique
911 1521 947 1584 in
969 1533 1064 1605 quoe

34 1641 38 1648 -
72 1624 138 1667 uno
160 1605 288 1667 tantum
309 1606 400 1686 esset,
422 1606 468 1685 ut,
491 1603 596 1685 quoad
617 1602 672 1666 ille
694 1604 825 1685 viveret,
847 1604 910 1687 ipsi
932 1605 1036 1668 securi
1151 1533 1212 1734 J

3 1699 4 1764 j
73 1707 230 1751 essenon
255 1689 402 1770 possent,
435 1687 603 1751 interfecto
631 1686 715 1750 nihil
742 1686 884 1752 habituri
911 1689 1036 1770 negotii

73 1772 189 1868 essent,
210 1773 382 1854 postremo,
398 1769 425 1842 si
439 1769 488 1833 illi
502 1769 648 1835 redderet
661 1768 806 1852 salutem,
830 1771 1035 1852 quaerebant,
1143 1768 1197 1825 f

3 1857 5 1924 i
73 1856 190 1937 qmbus
209 1854 320 1920 amicis
342 1856 425 1918 esset
445 1875 575 1920 usurus:
599 1873 665 1918 sese
682 1852 775 1920 ,enim
795 1872 868 1916 cum
890 1851 1035 1918 Eumene
1177 1850 1182 1869 ⁸

3 1991 5 2006 .
73 1936 158 2022 apud
180 1959 253 2002 eum
273 1959 341 2002 non
361 1937 497 2006 futuros.
541 1936 595 2001 hie
616 1936 746 2020 cognita
773 1935 900 2000 consilii
921 1936 1065 2002 volun-3
1179 2004 1182 2012 ,

3 2013 5 2102 ζ
70 2025 270 2118 ’ωἰθιὴαηιθη
292 2043 393 2118 usque
415 2021 456 2084 ad
471 2021 642 2106 septimum
664 2018 748 2083 diem
762 2018 960 2084 deliberandi
975 2020 1037 2084 sibi

3 2115 5 2190 i
72 2107 215 2188 spatium
236 2104 372 2188 reliquit.
416 2108 485 2168 tum
508 2107 624 2187 autem,
646 2123 719 2167 cum
733 2104 797 2167 iam
817 2106 980 2168 vereretur
994 2124 1036 2166 ne

3 2241 5 2284 ,
72 2210 137 2272 qua
159 2187 273 2284 seditio
292 2188 450 2287 exercitus
472 2191 637 2285 oreretur,
653 2187 755 2252 vetuit
777 2208 968 2286 quemquam
996 2186 1037 2250 ad
1099 2212 1104 2221 ¹

3 2413 5 2420 ,
72 2294 149 2453 {tt
174 2271 1036 2452 sititetttttutrtttffttttttti

3 2437 5 2484 t
71 2438 188 2504 fuisset
215 2461 344 2505 amicus.
387 2439 441 2527 bic
467 2442 577 2504 tamen
603 2458 670 2502 non
692 2437 829 2520 amplius
857 2459 953 2520 quam
979 2438 1066 2500 tri-4

3 2561 5 2586 .
72 2523 172 2587 duum
198 2522 284 2588 fame
310 2522 479 2608 fatigatus,
509 2543 582 2586 cum
611 2525 713 2596 castra
740 2523 960 2604 moverentur,
986 2519 1035 2584 in·

3 2631 5 2660 r
74 2607 195 2672 sciente
216 2607 384 2692 Antigono
406 2606 570 2690 iugulatus
592 2609 641 2670 est
661 2628 681 2670 a
702 2604 897 2688 custodibus.

156 2689 210 2755 Sic
231 2689 392 2756 Eumenes
413 2711 573 2754 annorum
594 2689 736 2773 quinque
758 2691 791 2754 et
812 2687 1032 2774 quadraginta,
1047 2685 1086 2749 13

72 2794 145 2838 cum
168 2776 208 2837 ab
224 2795 310 2838 anno
332 2774 492 2857 vicesimo,
514 2773 563 2837 uti
580 2795 677 2856 supra
691 2771 898 2856 ostendimus,
913 2775 1035 2854 septem

72 2879 177 2922 annos
198 2857 350 2942 Philippo
372 2857 585 2942 apparuisset,
606 2857 759 2920 tredecim
785 2855 871 2938 apud
897 2855 1035 2918 Alexan·

72 2941 165 3006 drum
188 2940 325 3006 eundem
345 2941 453 3006 locum
475 2940 674 3022 obtinuisset,
696 2939 732 3004 in
752 2940 804 3001 his
825 2958 926 3000 unum
947 2937 1035 3018 equi·

70 3028 142 3089 tum
169 3025 242 3122 aiae
260 3024 465 3108 praefuisset,
491 3028 565 3120 post
591 3026 698 3119 eutem
719 3019 895 3086 Alexandri
1026 3021 1034 3034 '

70 3107 1035 3275 timisi?titiisitffrmiiaiiffiddidtttifqttat

69 3296 139 3339 non
153 3213 314 3372 guegoni
328 3276 456 3359 virtute,
479 3213 539 3340 sed
548 3273 760 3338 Macedonum
774 3271 914 3355 periurio
936 3271 1034 3336 talem

69 3359 186 3423 habmt
207 3359 329 3422 exitum
349 3360 444 3424 vitae.
486 3359 522 3422 in
564 3378 607 3422 uo
629 3359 750 3440 quanta
772 3356 916 3420 omnium
936 3354 1064 3418 fueras

71 3442 183 3526 opinio
206 3463 333 3526 eorum,
355 3443 411 3528 qui
432 3445 507 3526 post
528 3379 745 3506 riiexandmm
765 3438 921 3525 Magnum
942 3455 1034 3520 reges
