<?xml version="1.0" encoding="UTF-8"?>
<!DOCTYPE html PUBLIC "-//W3C//DTD XHTML 1.0 Transitional//EN"
    "http://www.w3.org/TR/xhtml1/DTD/xhtml1-transitional.dtd">
<html xmlns="http://www.w3.org/1999/xhtml" xml:lang="en" lang="en">
 <head>
  <title>
</title>
<meta http-equiv="Content-Type" content="text/html;charset=utf-8" />
  <meta name='ocr-system' content='tesseract 3.04.00' />
  <meta name='ocr-capabilities' content='ocr_page ocr_carea ocr_par ocr_line ocrx_word'/>
</head>
<body>
  <div class='ocr_page' id='page_1' title='image "./corneliinepotis00halmgoog_0112.png"; bbox 0 0 2456 3884; ppageno 0'>
   <div class='ocr_carea' id='block_1_1' title="bbox 146 259 964 334">
    <p class='ocr_par' dir='ltr' id='par_1_1' title="bbox 146 259 964 334">
     <span class='ocr_line' id='line_1_1' title="bbox 146 259 964 334; baseline -0.015 -10"><span class='ocrx_word' id='word_1_1' title='bbox 146 259 206 324; x_wconf 88' lang='grc'><strong>106</strong></span> <span class='ocrx_word' id='word_1_2' title='bbox 419 271 502 320; x_wconf 85' lang='lat' dir='ltr'>xxv.</span> <span class='ocrx_word' id='word_1_3' title='bbox 544 269 698 319; x_wconf 74' lang='lat' dir='ltr'><strong>nrrrcus.</strong></span> <span class='ocrx_word' id='word_1_4' title='bbox 722 265 762 317; x_wconf 85' lang='lat' dir='ltr'><strong>ro.</strong></span> <span class='ocrx_word' id='word_1_5' title='bbox 786 266 826 317; x_wconf 87' lang='lat' dir='ltr'><strong>rr.</strong></span> <span class='ocrx_word' id='word_1_6' title='bbox 960 325 964 334; x_wconf 28' lang='lat'>¹</span> 
     </span>
    </p>
   </div>
   <div class='ocr_carea' id='block_1_2' title="bbox 114 402 1114 742">
    <p class='ocr_par' dir='ltr' id='par_1_2' title="bbox 143 402 1113 490">
     <span class='ocr_line' id='line_1_2' title="bbox 143 402 1113 490; baseline -0.008 -17"><span class='ocrx_word' id='word_1_7' title='bbox 143 407 262 473; x_wconf 87' lang='lat' dir='ltr'><strong>tulerat</strong></span> <span class='ocrx_word' id='word_1_8' title='bbox 289 408 394 490; x_wconf 83' lang='lat' dir='ltr'><strong>(tanta</strong></span> <span class='ocrx_word' id='word_1_9' title='bbox 414 406 550 470; x_wconf 78' lang='lat' dir='ltr'><strong>varietas</strong></span> <span class='ocrx_word' id='word_1_10' title='bbox 579 405 619 469; x_wconf 83' lang='lat' dir='ltr'><strong>iia</strong></span> <span class='ocrx_word' id='word_1_11' title='bbox 639 404 838 487; x_wconf 79' lang='lat' dir='ltr'><strong>temporibus</strong></span> <span class='ocrx_word' id='word_1_12' title='bbox 861 402 926 467; x_wconf 89' lang='lat' dir='ltr'><strong>fuit</strong></span> <span class='ocrx_word' id='word_1_13' title='bbox 945 403 1113 482; x_wconf 82' lang='lat' dir='ltr'><strong>fortunae,</strong></span> 
     </span>
    </p>

    <p class='ocr_par' dir='ltr' id='par_1_3' title="bbox 144 487 1113 572">
     <span class='ocr_line' id='line_1_3' title="bbox 144 487 1113 572; baseline -0.007 -16"><span class='ocrx_word' id='word_1_14' title='bbox 144 498 182 558; x_wconf 89' lang='lat' dir='ltr'><strong>ut</strong></span> <span class='ocrx_word' id='word_1_15' title='bbox 202 490 297 555; x_wconf 91' lang='lat' dir='ltr'><strong>modo</strong></span> <span class='ocrx_word' id='word_1_16' title='bbox 320 491 364 572; x_wconf 93' lang='lat' dir='ltr'><strong>hi,</strong></span> <span class='ocrx_word' id='word_1_17' title='bbox 386 490 481 554; x_wconf 91' lang='lat' dir='ltr'><strong>modo</strong></span> <span class='ocrx_word' id='word_1_18' title='bbox 503 489 551 553; x_wconf 91' lang='lat' dir='ltr'><strong>illi</strong></span> <span class='ocrx_word' id='word_1_19' title='bbox 573 489 609 552; x_wconf 91' lang='lat' dir='ltr'><strong>in</strong></span> <span class='ocrx_word' id='word_1_20' title='bbox 630 509 755 552; x_wconf 90' lang='lat' dir='ltr'><strong>summo</strong></span> <span class='ocrx_word' id='word_1_21' title='bbox 777 491 885 551; x_wconf 87' lang='lat' dir='ltr'><strong>essent</strong></span> <span class='ocrx_word' id='word_1_22' title='bbox 905 490 962 551; x_wconf 87' lang='lat' dir='ltr'><strong>eut</strong></span> <span class='ocrx_word' id='word_1_23' title='bbox 974 487 1113 571; x_wconf 82' lang='lat' dir='ltr'><strong>fastigio</strong></span> 
     </span>
    </p>

    <p class='ocr_par' dir='ltr' id='par_1_4' title="bbox 114 569 1114 742">
     <span class='ocr_line' id='line_1_4' title="bbox 145 569 1112 658; baseline -0.006 -19"><span class='ocrx_word' id='word_1_24' title='bbox 145 579 202 640; x_wconf 85' lang='lat' dir='ltr'><strong>aut</strong></span> <span class='ocrx_word' id='word_1_25' title='bbox 223 574 388 658; x_wconf 85' lang='lat' dir='ltr'><strong>periculo),</strong></span> <span class='ocrx_word' id='word_1_26' title='bbox 410 573 612 656; x_wconf 74' lang='lat' dir='ltr'>habebatque</span> <span class='ocrx_word' id='word_1_27' title='bbox 633 591 741 636; x_wconf 88' lang='lat' dir='ltr'><strong>secum</strong></span> <span class='ocrx_word' id='word_1_28' title='bbox 756 569 793 646; x_wconf 81' lang='lat' dir='ltr'><strong>Q.</strong></span> <span class='ocrx_word' id='word_1_29' title='bbox 809 570 951 635; x_wconf 80' lang='lat' dir='ltr'><strong>Gellium</strong></span> <span class='ocrx_word' id='word_1_30' title='bbox 971 569 1112 650; x_wconf 82' lang='lat' dir='ltr'><strong>Canum,</strong></span> 
     </span>
     <span class='ocr_line' id='line_1_5' title="bbox 114 654 1114 742; baseline -0.003 -22"><span class='ocrx_word' id='word_1_31' title='bbox 114 659 311 742; x_wconf 75' lang='lat' dir='ltr'><strong>eaequelem</strong></span> <span class='ocrx_word' id='word_1_32' title='bbox 325 657 585 740; x_wconf 89' lang='lat' dir='ltr'><strong>simillimumque</strong></span> <span class='ocrx_word' id='word_1_33' title='bbox 606 655 666 720; x_wconf 92' lang='lat' dir='ltr'><strong>sui.</strong></span> <span class='ocrx_word' id='word_1_34' title='bbox 702 655 765 720; x_wconf 89' lang='lat' dir='ltr'><strong>boc</strong></span> <span class='ocrx_word' id='word_1_35' title='bbox 786 675 914 738; x_wconf 90' lang='lat' dir='ltr'><strong>quoque</strong></span> <span class='ocrx_word' id='word_1_36' title='bbox 936 657 986 718; x_wconf 81' lang='lat' dir='ltr'><strong>est</strong></span> <span class='ocrx_word' id='word_1_37' title='bbox 1006 654 1114 718; x_wconf 82' lang='lat' dir='ltr'><strong>Attici</strong></span> 
     </span>
    </p>
   </div>
   <div class='ocr_carea' id='block_1_3' title="bbox 118 739 1223 923">
    <p class='ocr_par' dir='ltr' id='par_1_5' title="bbox 118 739 1223 923">
     <span class='ocr_line' id='line_1_6' title="bbox 145 739 1223 825; baseline -0.006 -18"><span class='ocrx_word' id='word_1_38' title='bbox 145 743 300 808; x_wconf 83' lang='lat' dir='ltr'><strong>bonitatis</strong></span> <span class='ocrx_word' id='word_1_39' title='bbox 322 741 511 825; x_wconf 83' lang='lat' dir='ltr'><strong>exemplum,</strong></span> <span class='ocrx_word' id='word_1_40' title='bbox 534 739 710 823; x_wconf 87' lang='lat' dir='ltr'><strong>quodcum</strong></span> <span class='ocrx_word' id='word_1_41' title='bbox 731 759 780 820; x_wconf 92' lang='lat' dir='ltr'><strong>eo,</strong></span> <span class='ocrx_word' id='word_1_42' title='bbox 802 760 899 821; x_wconf 88' lang='lat' dir='ltr'><strong>quem</strong></span> <span class='ocrx_word' id='word_1_43' title='bbox 915 757 1052 821; x_wconf 88' lang='lat' dir='ltr'><strong>puerum</strong></span> <span class='ocrx_word' id='word_1_44' title='bbox 1075 739 1113 802; x_wconf 87' lang='lat' dir='ltr'><strong>in</strong></span> <span class='ocrx_word' id='word_1_45' title='bbox 1221 755 1223 758; x_wconf 89' lang='grc'><strong><em>·</em></strong></span> 
     </span>
     <span class='ocr_line' id='line_1_7' title="bbox 118 817 1223 923; baseline -0.007 -33"><span class='ocrx_word' id='word_1_46' title='bbox 118 859 123 874; x_wconf 89' lang='grc'><strong><em>·</em></strong></span> <span class='ocrx_word' id='word_1_47' title='bbox 146 827 221 890; x_wconf 91' lang='lat' dir='ltr'><strong>ludo</strong></span> <span class='ocrx_word' id='word_1_48' title='bbox 244 828 408 923; x_wconf 71' lang='lat' dir='ltr'><strong>cognorat,</strong></span> <span class='ocrx_word' id='word_1_49' title='bbox 421 825 507 923; x_wconf 32' lang='lat' dir='ltr'><strong>,adeo</strong></span> <span class='ocrx_word' id='word_1_50' title='bbox 523 824 693 888; x_wconf 87' lang='lat' dir='ltr'><strong>coniuncte</strong></span> <span class='ocrx_word' id='word_1_51' title='bbox 708 823 799 905; x_wconf 77' lang='lat' dir='ltr'><strong>vixit,</strong></span> <span class='ocrx_word' id='word_1_52' title='bbox 821 826 858 886; x_wconf 90' lang='lat' dir='ltr'><strong>ut</strong></span> <span class='ocrx_word' id='word_1_53' title='bbox 877 821 918 885; x_wconf 83' lang='lat' dir='ltr'><strong>ad</strong></span> <span class='ocrx_word' id='word_1_54' title='bbox 933 826 1112 886; x_wconf 83' lang='lat' dir='ltr'><strong>extremam</strong></span> <span class='ocrx_word' id='word_1_55' title='bbox 1221 817 1223 874; x_wconf 75' lang='lat' dir='ltr'><strong>l</strong></span> 
     </span>
    </p>
   </div>
   <div class='ocr_carea' id='block_1_4' title="bbox 103 906 1121 3587">
    <p class='ocr_par' dir='ltr' id='par_1_6' title="bbox 103 906 1121 3587">
     <span class='ocr_line' id='line_1_8' title="bbox 116 906 1111 986; baseline -0.003 -15"><span class='ocrx_word' id='word_1_56' title='bbox 116 914 283 974; x_wconf 66' lang='lat' dir='ltr'><strong>testatem</strong></span> <span class='ocrx_word' id='word_1_57' title='bbox 309 913 450 973; x_wconf 76' lang='lat' dir='ltr'><strong>amicitia</strong></span> <span class='ocrx_word' id='word_1_58' title='bbox 477 927 587 973; x_wconf 90' lang='lat' dir='ltr'><strong>eorum</strong></span> <span class='ocrx_word' id='word_1_59' title='bbox 613 907 756 972; x_wconf 77' lang='lat' dir='ltr'><strong>creverit.</strong></span> <span class='ocrx_word' id='word_1_60' title='bbox 800 906 963 970; x_wconf 87' lang='lat' dir='ltr'><strong>Antonius</strong></span> <span class='ocrx_word' id='word_1_61' title='bbox 989 909 1111 986; x_wconf 83' lang='lat' dir='ltr'><strong>autem,</strong></span> 
     </span>
     <span class='ocr_line' id='line_1_9' title="bbox 146 989 1112 1070; baseline -0.003 -14"><span class='ocrx_word' id='word_1_62' title='bbox 146 994 206 1058; x_wconf 87' lang='lat' dir='ltr'><strong>etsi</strong></span> <span class='ocrx_word' id='word_1_63' title='bbox 232 996 324 1057; x_wconf 84' lang='lat' dir='ltr'><strong>tanto</strong></span> <span class='ocrx_word' id='word_1_64' title='bbox 346 993 420 1058; x_wconf 86' lang='lat' dir='ltr'><strong>odie</strong></span> <span class='ocrx_word' id='word_1_65' title='bbox 440 992 604 1056; x_wconf 81' lang='lat' dir='ltr'><strong>ferebatur</strong></span> <span class='ocrx_word' id='word_1_66' title='bbox 624 991 660 1054; x_wconf 93' lang='lat' dir='ltr'><strong>in</strong></span> <span class='ocrx_word' id='word_1_67' title='bbox 681 989 885 1070; x_wconf 80' lang='lat' dir='ltr'><strong>Ciceronem,</strong></span> <span class='ocrx_word' id='word_1_68' title='bbox 912 995 1038 1053; x_wconf 87' lang='lat' dir='ltr'><strong>utnon</strong></span> <span class='ocrx_word' id='word_1_69' title='bbox 1059 1010 1112 1053; x_wconf 91' lang='lat' dir='ltr'><strong>so·</strong></span> 
     </span>
     <span class='ocr_line' id='line_1_10' title="bbox 146 1073 1111 1158; baseline -0.005 -18"><span class='ocrx_word' id='word_1_70' title='bbox 146 1078 214 1142; x_wconf 88' lang='lat' dir='ltr'><strong>lum</strong></span> <span class='ocrx_word' id='word_1_71' title='bbox 234 1077 279 1158; x_wconf 88' lang='lat' dir='ltr'><strong>ei,</strong></span> <span class='ocrx_word' id='word_1_72' title='bbox 312 1077 367 1141; x_wconf 89' lang='lat' dir='ltr'><strong>sed</strong></span> <span class='ocrx_word' id='word_1_73' title='bbox 388 1077 484 1140; x_wconf 88' lang='lat' dir='ltr'><strong>etiam</strong></span> <span class='ocrx_word' id='word_1_74' title='bbox 506 1075 655 1140; x_wconf 88' lang='lat' dir='ltr'><strong>omnibus</strong></span> <span class='ocrx_word' id='word_1_75' title='bbox 676 1074 745 1138; x_wconf 85' lang='lat' dir='ltr'><strong>eius</strong></span> <span class='ocrx_word' id='word_1_76' title='bbox 766 1074 876 1137; x_wconf 88' lang='lat' dir='ltr'><strong>amicis</strong></span> <span class='ocrx_word' id='word_1_77' title='bbox 898 1077 981 1136; x_wconf 83' lang='lat' dir='ltr'><strong>esset</strong></span> <span class='ocrx_word' id='word_1_78' title='bbox 1000 1073 1111 1136; x_wconf 84' lang='lat' dir='ltr'><strong>inimi·</strong></span> 
     </span>
     <span class='ocr_line' id='line_1_11' title="bbox 146 1157 1108 1244; baseline -0.006 -18"><span class='ocrx_word' id='word_1_79' title='bbox 146 1182 203 1226; x_wconf 90' lang='lat' dir='ltr'><strong>cus</strong></span> <span class='ocrx_word' id='word_1_80' title='bbox 224 1181 343 1244; x_wconf 88' lang='lat' dir='ltr'><strong>eosque</strong></span> <span class='ocrx_word' id='word_1_81' title='bbox 364 1160 462 1224; x_wconf 85' lang='lat' dir='ltr'><strong>vellet</strong></span> <span class='ocrx_word' id='word_1_82' title='bbox 475 1159 682 1243; x_wconf 79' lang='lat' dir='ltr'><strong>proscribere,</strong></span> <span class='ocrx_word' id='word_1_83' title='bbox 704 1158 815 1222; x_wconf 81' lang='lat' dir='ltr'><strong>multis</strong></span> <span class='ocrx_word' id='word_1_84' title='bbox 835 1157 1038 1221; x_wconf 66' lang='lat' dir='ltr'><strong>hortantibus</strong></span> <span class='ocrx_word' id='word_1_85' title='bbox 1058 1161 1108 1220; x_wconf 78' lang='lat' dir='ltr'><strong>ta·</strong></span> 
     </span>
     <span class='ocr_line' id='line_1_12' title="bbox 146 1241 1110 1324; baseline -0.006 -15"><span class='ocrx_word' id='word_1_86' title='bbox 146 1265 221 1309; x_wconf 89' lang='lat' dir='ltr'><strong>men</strong></span> <span class='ocrx_word' id='word_1_87' title='bbox 242 1245 343 1309; x_wconf 85' lang='lat' dir='ltr'><strong>Attici</strong></span> <span class='ocrx_word' id='word_1_88' title='bbox 364 1265 487 1310; x_wconf 88' lang='lat' dir='ltr'><strong>memor</strong></span> <span class='ocrx_word' id='word_1_89' title='bbox 508 1245 570 1308; x_wconf 90' lang='lat' dir='ltr'><strong>luit</strong></span> <span class='ocrx_word' id='word_1_90' title='bbox 585 1242 682 1308; x_wconf 87' lang='lat' dir='ltr'><strong>officii</strong></span> <span class='ocrx_word' id='word_1_91' title='bbox 704 1246 738 1306; x_wconf 92' lang='lat' dir='ltr'><strong>et</strong></span> <span class='ocrx_word' id='word_1_92' title='bbox 759 1241 798 1324; x_wconf 90' lang='lat' dir='ltr'><strong>ei,</strong></span> <span class='ocrx_word' id='word_1_93' title='bbox 820 1263 893 1305; x_wconf 87' lang='lat' dir='ltr'><strong>cum</strong></span> <span class='ocrx_word' id='word_1_94' title='bbox 913 1241 1110 1324; x_wconf 75' lang='lat' dir='ltr'>requisisset,</span> 
     </span>
     <span class='ocr_line' id='line_1_13' title="bbox 147 1325 1112 1410; baseline -0.005 -18"><span class='ocrx_word' id='word_1_95' title='bbox 147 1329 280 1392; x_wconf 78' lang='lat' dir='ltr'><strong>ubinam</strong></span> <span class='ocrx_word' id='word_1_96' title='bbox 302 1334 400 1409; x_wconf 89' lang='lat' dir='ltr'><strong>esset,</strong></span> <span class='ocrx_word' id='word_1_97' title='bbox 421 1349 479 1392; x_wconf 85' lang='lat' dir='ltr'><strong>sua</strong></span> <span class='ocrx_word' id='word_1_98' title='bbox 499 1349 595 1392; x_wconf 90' lang='lat' dir='ltr'><strong>manu</strong></span> <span class='ocrx_word' id='word_1_99' title='bbox 619 1326 754 1410; x_wconf 86' lang='lat' dir='ltr'><strong>scripsit,</strong></span> <span class='ocrx_word' id='word_1_100' title='bbox 777 1347 818 1390; x_wconf 88' lang='lat' dir='ltr'><strong>ne</strong></span> <span class='ocrx_word' id='word_1_101' title='bbox 839 1326 967 1388; x_wconf 89' lang='lat' dir='ltr'><strong>timeret</strong></span> <span class='ocrx_word' id='word_1_102' title='bbox 987 1325 1112 1388; x_wconf 85' lang='lat' dir='ltr'><strong>statim·</strong></span> 
     </span>
     <span class='ocr_line' id='line_1_14' title="bbox 148 1407 1112 1558; baseline -0.004 -82"><span class='ocrx_word' id='word_1_103' title='bbox 148 1433 211 1558; x_wconf 56' lang='lat' dir='ltr'><strong>guo</strong></span> <span class='ocrx_word' id='word_1_104' title='bbox 232 1412 273 1476; x_wconf 89' lang='lat' dir='ltr'><strong>ad</strong></span> <span class='ocrx_word' id='word_1_105' title='bbox 294 1433 328 1476; x_wconf 82' lang='lat' dir='ltr'><strong>re</strong></span> <span class='ocrx_word' id='word_1_106' title='bbox 349 1413 488 1478; x_wconf 83' lang='lat' dir='ltr'><strong>veniret:</strong></span> <span class='ocrx_word' id='word_1_107' title='bbox 521 1431 555 1476; x_wconf 88' lang='lat' dir='ltr'><strong>se</strong></span> <span class='ocrx_word' id='word_1_108' title='bbox 587 1414 714 1476; x_wconf 83' lang='lat' dir='ltr'><strong>sumet</strong></span> <span class='ocrx_word' id='word_1_109' title='bbox 745 1409 834 1473; x_wconf 90' lang='lat' dir='ltr'><strong>illius</strong></span> <span class='ocrx_word' id='word_1_110' title='bbox 859 1429 954 1474; x_wconf 86' lang='lat' dir='ltr'><strong>eausa</strong></span> <span class='ocrx_word' id='word_1_111' title='bbox 983 1407 1112 1474; x_wconf 80' lang='lat' dir='ltr'><strong>Canum</strong></span> 
     </span>
     <span class='ocr_line' id='line_1_15' title="bbox 170 1491 1114 1580; baseline -0.004 -21"><span class='ocrx_word' id='word_1_112' title='bbox 170 1517 188 1559; x_wconf 90' lang='lat' dir='ltr'><strong>e</strong></span> <span class='ocrx_word' id='word_1_113' title='bbox 221 1497 472 1580; x_wconf 75' lang='lat' dir='ltr'><strong>proscriptorum</strong></span> <span class='ocrx_word' id='word_1_114' title='bbox 503 1515 637 1560; x_wconf 90' lang='lat' dir='ltr'><strong>numero</strong></span> <span class='ocrx_word' id='word_1_115' title='bbox 668 1494 829 1558; x_wconf 84' lang='lat' dir='ltr'><strong>exemisse.</strong></span> <span class='ocrx_word' id='word_1_116' title='bbox 884 1514 921 1558; x_wconf 90' lang='lat' dir='ltr'><strong>ac</strong></span> <span class='ocrx_word' id='word_1_117' title='bbox 953 1513 995 1556; x_wconf 89' lang='lat' dir='ltr'><strong>ne</strong></span> <span class='ocrx_word' id='word_1_118' title='bbox 1046 1491 1114 1556; x_wconf 86' lang='lat' dir='ltr'><strong>uod</strong></span> 
     </span>
     <span class='ocr_line' id='line_1_16' title="bbox 149 1576 1113 1675; baseline -0.002 -33"><span class='ocrx_word' id='word_1_119' title='bbox 149 1579 327 1661; x_wconf 89' lang='lat' dir='ltr'><strong>periculum</strong></span> <span class='ocrx_word' id='word_1_120' title='bbox 355 1580 523 1660; x_wconf 82' lang='lat' dir='ltr'><strong>incideret,</strong></span> <span class='ocrx_word' id='word_1_121' title='bbox 551 1579 637 1675; x_wconf 77' lang='lat' dir='ltr'><strong>quod</strong></span> <span class='ocrx_word' id='word_1_122' title='bbox 662 1582 760 1643; x_wconf 89' lang='lat' dir='ltr'><strong>noctu</strong></span> <span class='ocrx_word' id='word_1_123' title='bbox 782 1578 892 1658; x_wconf 82' lang='lat' dir='ltr'><strong>fiebat,</strong></span> <span class='ocrx_word' id='word_1_124' title='bbox 915 1576 1020 1660; x_wconf 84' lang='lat' dir='ltr'><strong>pressi</strong></span> <span class='ocrx_word' id='word_1_125' title='bbox 1046 1577 1113 1640; x_wconf 86' lang='lat' dir='ltr'><strong>&#39;um</strong></span> 
     </span>
     <span class='ocr_line' id='line_1_17' title="bbox 118 1660 1112 1728; baseline -0.002 -2"><span class='ocrx_word' id='word_1_126' title='bbox 118 1663 179 1726; x_wconf 76' lang='lat' dir='ltr'><strong>uei</strong></span> <span class='ocrx_word' id='word_1_127' title='bbox 207 1663 303 1728; x_wconf 87' lang='lat' dir='ltr'><strong>misit</strong></span> <span class='ocrx_word' id='word_1_128' title='bbox 346 1664 392 1728; x_wconf 87' lang='lat' dir='ltr'><strong>eie</strong></span> <span class='ocrx_word' id='word_1_129' title='bbox 413 1663 539 1727; x_wconf 86' lang='lat' dir='ltr'><strong>Atticus</strong></span> <span class='ocrx_word' id='word_1_130' title='bbox 565 1682 601 1726; x_wconf 88' lang='lat' dir='ltr'><strong>m</strong></span> <span class='ocrx_word' id='word_1_131' title='bbox 626 1682 750 1727; x_wconf 89' lang='lat' dir='ltr'><strong>summo</strong></span> <span class='ocrx_word' id='word_1_132' title='bbox 772 1661 887 1724; x_wconf 85' lang='lat' dir='ltr'><strong>timore</strong></span> <span class='ocrx_word' id='word_1_133' title='bbox 915 1681 984 1724; x_wconf 91' lang='lat' dir='ltr'><strong>non</strong></span> <span class='ocrx_word' id='word_1_134' title='bbox 1006 1660 1112 1724; x_wconf 88' lang='lat' dir='ltr'><strong>solum</strong></span> 
     </span>
     <span class='ocr_line' id='line_1_18' title="bbox 149 1744 1111 1831; baseline -0.003 -20"><span class='ocrx_word' id='word_1_135' title='bbox 149 1747 226 1830; x_wconf 87' lang='lat' dir='ltr'><strong>sibi,</strong></span> <span class='ocrx_word' id='word_1_136' title='bbox 248 1747 304 1810; x_wconf 84' lang='lat' dir='ltr'><strong>sed</strong></span> <span class='ocrx_word' id='word_1_137' title='bbox 325 1748 421 1812; x_wconf 84' lang='lat' dir='ltr'><strong>etiam</strong></span> <span class='ocrx_word' id='word_1_138' title='bbox 443 1747 487 1828; x_wconf 86' lang='lat' dir='ltr'><strong>ei,</strong></span> <span class='ocrx_word' id='word_1_139' title='bbox 509 1767 604 1831; x_wconf 89' lang='lat' dir='ltr'><strong>quem</strong></span> <span class='ocrx_word' id='word_1_140' title='bbox 625 1746 823 1810; x_wconf 88' lang='lat' dir='ltr'><strong>carissimum</strong></span> <span class='ocrx_word' id='word_1_141' title='bbox 844 1744 1000 1825; x_wconf 84' lang='lat' dir='ltr'><strong>habebat,</strong></span> <span class='ocrx_word' id='word_1_142' title='bbox 1020 1763 1111 1827; x_wconf 80' lang='lat' dir='ltr'><strong>prae·</strong></span> 
     </span>
     <span class='ocr_line' id='line_1_19' title="bbox 149 1829 1110 1915; baseline -0.005 -20"><span class='ocrx_word' id='word_1_143' title='bbox 149 1830 232 1895; x_wconf 88' lang='lat' dir='ltr'><strong>sidio</strong></span> <span class='ocrx_word' id='word_1_144' title='bbox 254 1832 324 1896; x_wconf 90' lang='lat' dir='ltr'><strong>luit</strong></span> <span class='ocrx_word' id='word_1_145' title='bbox 361 1850 466 1915; x_wconf 89' lang='lat' dir='ltr'><strong>neque</strong></span> <span class='ocrx_word' id='word_1_146' title='bbox 487 1832 573 1896; x_wconf 90' lang='lat' dir='ltr'><strong>enim</strong></span> <span class='ocrx_word' id='word_1_147' title='bbox 594 1851 670 1895; x_wconf 85' lang='lat' dir='ltr'><strong>suae</strong></span> <span class='ocrx_word' id='word_1_148' title='bbox 684 1831 789 1894; x_wconf 90' lang='lat' dir='ltr'><strong>solum</strong></span> <span class='ocrx_word' id='word_1_149' title='bbox 810 1851 830 1892; x_wconf 88' lang='lat' dir='ltr'><strong>a</strong></span> <span class='ocrx_word' id='word_1_150' title='bbox 844 1849 1008 1911; x_wconf 85' lang='lat' dir='ltr'><strong>quoquam</strong></span> <span class='ocrx_word' id='word_1_151' title='bbox 1022 1829 1110 1891; x_wconf 83' lang='lat' dir='ltr'><strong>auxi—</strong></span> 
     </span>
     <span class='ocr_line' id='line_1_20' title="bbox 150 1912 1113 2012; baseline -0.004 -34"><span class='ocrx_word' id='word_1_152' title='bbox 150 1916 229 1978; x_wconf 92' lang='lat' dir='ltr'><strong>lium</strong></span> <span class='ocrx_word' id='word_1_153' title='bbox 250 1916 344 1997; x_wconf 91' lang='lat' dir='ltr'><strong>petiit</strong></span> <span class='ocrx_word' id='word_1_154' title='bbox 365 1915 476 1980; x_wconf 87' lang='lat' dir='ltr'><strong>salutis</strong></span> <span class='ocrx_word' id='word_1_155' title='bbox 498 1915 566 2012; x_wconf 80' lang='lat' dir='ltr'><strong>[sed</strong></span> <span class='ocrx_word' id='word_1_156' title='bbox 587 1913 772 1998; x_wconf 78' lang='lat' dir='ltr'><strong>coniunctil,</strong></span> <span class='ocrx_word' id='word_1_157' title='bbox 794 1917 831 1975; x_wconf 91' lang='lat' dir='ltr'><strong>ut</strong></span> <span class='ocrx_word' id='word_1_158' title='bbox 850 1915 1020 1996; x_wconf 73' lang='lat' dir='ltr'><strong>appareret</strong></span> <span class='ocrx_word' id='word_1_159' title='bbox 1040 1912 1113 1975; x_wconf 92' lang='lat' dir='ltr'><strong>nul-</strong></span> 
     </span>
     <span class='ocr_line' id='line_1_21' title="bbox 120 1996 1114 2078; baseline -0.002 -17"><span class='ocrx_word' id='word_1_160' title='bbox 120 2000 215 2063; x_wconf 80' lang='lat' dir='ltr'><strong>elam</strong></span> <span class='ocrx_word' id='word_1_161' title='bbox 243 2000 419 2062; x_wconf 87' lang='lat' dir='ltr'><strong>seiunctam</strong></span> <span class='ocrx_word' id='word_1_162' title='bbox 445 2000 506 2062; x_wconf 89' lang='lat' dir='ltr'><strong>sibr</strong></span> <span class='ocrx_word' id='word_1_163' title='bbox 533 1999 574 2062; x_wconf 89' lang='lat' dir='ltr'><strong>ab</strong></span> <span class='ocrx_word' id='word_1_164' title='bbox 602 2019 640 2062; x_wconf 89' lang='lat' dir='ltr'><strong>eo</strong></span> <span class='ocrx_word' id='word_1_165' title='bbox 666 1997 749 2061; x_wconf 84' lang='lat' dir='ltr'><strong>velle</strong></span> <span class='ocrx_word' id='word_1_166' title='bbox 773 1996 946 2064; x_wconf 82' lang='lat' dir='ltr'><strong>fortunam.</strong></span> <span class='ocrx_word' id='word_1_167' title='bbox 996 1996 1114 2078; x_wconf 87' lang='lat' dir='ltr'><strong>quodsi</strong></span> 
     </span>
     <span class='ocr_line' id='line_1_22' title="bbox 196 2080 1115 2165; baseline -0.002 -19"><span class='ocrx_word' id='word_1_168' title='bbox 196 2086 346 2146; x_wconf 84' lang='lat' dir='ltr'><strong>bemator</strong></span> <span class='ocrx_word' id='word_1_169' title='bbox 370 2083 541 2165; x_wconf 82' lang='lat' dir='ltr'><strong>praecipue</strong></span> <span class='ocrx_word' id='word_1_170' title='bbox 572 2081 665 2144; x_wconf 89' lang='lat' dir='ltr'><strong>leude</strong></span> <span class='ocrx_word' id='word_1_171' title='bbox 691 2081 807 2160; x_wconf 86' lang='lat' dir='ltr'><strong>fertur,</strong></span> <span class='ocrx_word' id='word_1_172' title='bbox 840 2080 896 2163; x_wconf 90' lang='lat' dir='ltr'><strong>qui</strong></span> <span class='ocrx_word' id='word_1_173' title='bbox 928 2099 1044 2143; x_wconf 82' lang='lat' dir='ltr'><strong>navem</strong></span> <span class='ocrx_word' id='word_1_174' title='bbox 1072 2085 1115 2144; x_wconf 81' lang='lat' dir='ltr'><strong>ex&#39;</strong></span> 
     </span>
     <span class='ocr_line' id='line_1_23' title="bbox 173 2163 1112 2246; baseline -0.001 -19"><span class='ocrx_word' id='word_1_175' title='bbox 173 2167 254 2228; x_wconf 90' lang='lat' dir='ltr'><strong>ieme</strong></span> <span class='ocrx_word' id='word_1_176' title='bbox 275 2165 419 2246; x_wconf 89' lang='lat' dir='ltr'><strong>marique</strong></span> <span class='ocrx_word' id='word_1_177' title='bbox 441 2165 607 2245; x_wconf 87' lang='lat' dir='ltr'><strong>scopuloso</strong></span> <span class='ocrx_word' id='word_1_178' title='bbox 630 2169 751 2245; x_wconf 81' lang='lat' dir='ltr'><strong>servat,</strong></span> <span class='ocrx_word' id='word_1_179' title='bbox 772 2185 829 2228; x_wconf 86' lang='lat' dir='ltr'><strong>cur</strong></span> <span class='ocrx_word' id='word_1_180' title='bbox 849 2183 917 2228; x_wconf 89' lang='lat' dir='ltr'><strong>non</strong></span> <span class='ocrx_word' id='word_1_181' title='bbox 937 2163 1112 2246; x_wconf 74' lang='lat' dir='ltr'><strong>singularis</strong></span> 
     </span>
     <span class='ocr_line' id='line_1_24' title="bbox 150 2245 1112 2331; baseline 0 -22"><span class='ocrx_word' id='word_1_182' title='bbox 150 2249 218 2310; x_wconf 85' lang='lat' dir='ltr'><strong>eius</strong></span> <span class='ocrx_word' id='word_1_183' title='bbox 240 2246 437 2310; x_wconf 83' lang='lat' dir='ltr'><strong>existimetur</strong></span> <span class='ocrx_word' id='word_1_184' title='bbox 457 2245 642 2329; x_wconf 85' lang='lat' dir='ltr'><strong>prudentia,</strong></span> <span class='ocrx_word' id='word_1_185' title='bbox 670 2248 786 2329; x_wconf 83' lang='lat' dir='ltr'><strong>quiex</strong></span> <span class='ocrx_word' id='word_1_186' title='bbox 811 2251 864 2311; x_wconf 87' lang='lat' dir='ltr'><strong>tot</strong></span> <span class='ocrx_word' id='word_1_187' title='bbox 882 2252 1008 2329; x_wconf 86' lang='lat' dir='ltr'><strong>tamque</strong></span> <span class='ocrx_word' id='word_1_188' title='bbox 1036 2266 1112 2331; x_wconf 79' lang='lat' dir='ltr'><strong>gra-</strong></span> 
     </span>
     <span class='ocr_line' id='line_1_25' title="bbox 151 2329 1112 2414; baseline -0.001 -20"><span class='ocrx_word' id='word_1_189' title='bbox 151 2331 242 2394; x_wconf 86' lang='lat' dir='ltr'><strong>vibus</strong></span> <span class='ocrx_word' id='word_1_190' title='bbox 264 2329 413 2412; x_wconf 87' lang='lat' dir='ltr'><strong>procellis</strong></span> <span class='ocrx_word' id='word_1_191' title='bbox 434 2330 582 2394; x_wconf 83' lang='lat' dir='ltr'><strong>civilibus</strong></span> <span class='ocrx_word' id='word_1_192' title='bbox 603 2331 644 2394; x_wconf 80' lang='lat' dir='ltr'><strong>ed</strong></span> <span class='ocrx_word' id='word_1_193' title='bbox 665 2330 919 2395; x_wconf 81' lang='lat' dir='ltr'><strong>incolumitatem</strong></span> <span class='ocrx_word' id='word_1_194' title='bbox 939 2330 1112 2414; x_wconf 77' lang='lat' dir='ltr'><strong>pervenit?</strong></span> 
     </span>
     <span class='ocr_line' id='line_1_26' title="bbox 103 2412 1115 2498; baseline -0.003 -17"><span class='ocrx_word' id='word_1_195' title='bbox 103 2419 138 2481; x_wconf 89' lang='lat'><strong>11</strong></span> <span class='ocrx_word' id='word_1_196' title='bbox 235 2412 357 2489; x_wconf 85' lang='lat' dir='ltr'><strong>Quibus</strong></span> <span class='ocrx_word' id='word_1_197' title='bbox 379 2435 418 2479; x_wconf 87' lang='lat' dir='ltr'><strong>ex</strong></span> <span class='ocrx_word' id='word_1_198' title='bbox 439 2414 532 2478; x_wconf 85' lang='lat' dir='ltr'><strong>malis</strong></span> <span class='ocrx_word' id='word_1_199' title='bbox 552 2417 589 2478; x_wconf 91' lang='lat' dir='ltr'><strong>ut</strong></span> <span class='ocrx_word' id='word_1_200' title='bbox 611 2436 646 2479; x_wconf 87' lang='lat' dir='ltr'><strong>se</strong></span> <span class='ocrx_word' id='word_1_201' title='bbox 666 2414 810 2493; x_wconf 84' lang='lat' dir='ltr'><strong>emersit,</strong></span> <span class='ocrx_word' id='word_1_202' title='bbox 831 2414 913 2478; x_wconf 89' lang='lat' dir='ltr'><strong>nihil</strong></span> <span class='ocrx_word' id='word_1_203' title='bbox 934 2414 1022 2478; x_wconf 82' lang='lat' dir='ltr'><strong>aliud</strong></span> <span class='ocrx_word' id='word_1_204' title='bbox 1044 2415 1115 2498; x_wconf 78' lang='lat' dir='ltr'><strong>egit</strong></span> 
     </span>
     <span class='ocr_line' id='line_1_27' title="bbox 151 2499 1116 2647; baseline 0 -2"><span class='ocrx_word' id='word_1_205' title='bbox 151 2499 863 2647; x_wconf 62' lang='lat' dir='ltr'><strong>remurmuremus</strong></span> <span class='ocrx_word' id='word_1_206' title='bbox 884 2502 1116 2646; x_wconf 58' lang='lat' dir='ltr'><strong>titilffli‘</strong></span> 
     </span>
     <span class='ocr_line' id='line_1_28' title="bbox 195 2603 1115 2749; baseline 0.002 -21"><span class='ocrx_word' id='word_1_207' title='bbox 195 2604 443 2747; x_wconf 60' lang='lat' dir='ltr'><strong>soonquirerel),</strong></span> <span class='ocrx_word' id='word_1_208' title='bbox 465 2605 562 2730; x_wconf 69' lang='lat' dir='ltr'><strong>nemli</strong></span> <span class='ocrx_word' id='word_1_209' title='bbox 575 2667 610 2728; x_wconf 90' lang='lat' dir='ltr'><strong>in</strong></span> <span class='ocrx_word' id='word_1_210' title='bbox 654 2666 760 2749; x_wconf 88' lang='lat' dir='ltr'><strong>pirum</strong></span> <span class='ocrx_word' id='word_1_211' title='bbox 782 2603 885 2746; x_wconf 61' lang='lat' dir='ltr'><strong>venit,³</strong></span> <span class='ocrx_word' id='word_1_212' title='bbox 902 2667 954 2730; x_wconf 88' lang='lat' dir='ltr'><strong>eui</strong></span> <span class='ocrx_word' id='word_1_213' title='bbox 975 2687 1026 2730; x_wconf 89' lang='lat' dir='ltr'><strong>res</strong></span> <span class='ocrx_word' id='word_1_214' title='bbox 1046 2665 1115 2730; x_wconf 80' lang='lat' dir='ltr'><strong>ullu</strong></span> 
     </span>
     <span class='ocr_line' id='line_1_29' title="bbox 173 2748 1115 2834; baseline -0.001 -19"><span class='ocrx_word' id='word_1_215' title='bbox 173 2749 302 2815; x_wconf 80' lang='lat' dir='ltr'><strong>eluerit:</strong></span> <span class='ocrx_word' id='word_1_216' title='bbox 323 2749 446 2812; x_wconf 88' lang='lat' dir='ltr'><strong>nemini</strong></span> <span class='ocrx_word' id='word_1_217' title='bbox 467 2769 535 2814; x_wconf 90' lang='lat' dir='ltr'><strong>non</strong></span> <span class='ocrx_word' id='word_1_218' title='bbox 555 2749 601 2812; x_wconf 90' lang='lat' dir='ltr'><strong>ibi</strong></span> <span class='ocrx_word' id='word_1_219' title='bbox 623 2755 778 2834; x_wconf 87' lang='lat' dir='ltr'><strong>perpetuo</strong></span> <span class='ocrx_word' id='word_1_220' title='bbox 799 2748 949 2813; x_wconf 85' lang='lat' dir='ltr'><strong>manendi</strong></span> <span class='ocrx_word' id='word_1_221' title='bbox 971 2753 1115 2832; x_wconf 78' lang='lat' dir='ltr'><strong>potestne</strong></span> 
     </span>
     <span class='ocr_line' id='line_1_30' title="bbox 121 2832 1116 2917; baseline 0 -20"><span class='ocrx_word' id='word_1_222' title='bbox 121 2836 238 2900; x_wconf 79' lang='lat' dir='ltr'><strong>eiecta</strong></span> <span class='ocrx_word' id='word_1_223' title='bbox 259 2836 323 2898; x_wconf 88' lang='lat' dir='ltr'><strong>est:</strong></span> <span class='ocrx_word' id='word_1_224' title='bbox 345 2832 423 2916; x_wconf 88' lang='lat' dir='ltr'><strong>quin</strong></span> <span class='ocrx_word' id='word_1_225' title='bbox 444 2833 541 2896; x_wconf 86' lang='lat' dir='ltr'><strong>etiam</strong></span> <span class='ocrx_word' id='word_1_226' title='bbox 562 2838 638 2916; x_wconf 86' lang='lat' dir='ltr'><strong>post</strong></span> <span class='ocrx_word' id='word_1_227' title='bbox 657 2835 816 2917; x_wconf 89' lang='lat' dir='ltr'><strong>proelium</strong></span> <span class='ocrx_word' id='word_1_228' title='bbox 835 2832 1045 2917; x_wconf 87' lang='lat' dir='ltr'><strong>Philippense</strong></span> <span class='ocrx_word' id='word_1_229' title='bbox 1066 2834 1116 2897; x_wconf 88' lang='lat' dir='ltr'><strong>in·</strong></span> 
     </span>
     <span class='ocr_line' id='line_1_31' title="bbox 113 2915 1117 3001; baseline -0.003 -17"><span class='ocrx_word' id='word_1_230' title='bbox 113 2961 117 2970; x_wconf 85' lang='lat'><strong>·</strong></span> <span class='ocrx_word' id='word_1_231' title='bbox 151 2921 344 3001; x_wconf 87' lang='lat' dir='ltr'><strong>teritumque</strong></span> <span class='ocrx_word' id='word_1_232' title='bbox 367 2917 402 2983; x_wconf 85' lang='lat'><strong>0.</strong></span> <span class='ocrx_word' id='word_1_233' title='bbox 426 2915 527 2982; x_wconf 81' lang='lat' dir='ltr'><strong>Cassii</strong></span> <span class='ocrx_word' id='word_1_234' title='bbox 555 2921 588 2981; x_wconf 92' lang='lat' dir='ltr'><strong>et</strong></span> <span class='ocrx_word' id='word_1_235' title='bbox 608 2916 652 2982; x_wconf 91' lang='grc' dir='ltr'><strong>Μ.</strong></span> <span class='ocrx_word' id='word_1_236' title='bbox 675 2916 769 2981; x_wconf 88' lang='lat' dir='ltr'><strong>Bruti</strong></span> <span class='ocrx_word' id='word_1_237' title='bbox 796 2916 833 2981; x_wconf 86' lang='lat' dir='ltr'><strong>L.</strong></span> <span class='ocrx_word' id='word_1_238' title='bbox 861 2916 981 2980; x_wconf 91' lang='lat' dir='ltr'><strong>Iulium</strong></span> <span class='ocrx_word' id='word_1_239' title='bbox 1001 2916 1117 2981; x_wconf 88' lang='lat' dir='ltr'><strong>Mocil-</strong></span> 
     </span>
     <span class='ocr_line' id='line_1_32' title="bbox 150 3000 1117 3087; baseline -0.003 -20"><span class='ocrx_word' id='word_1_240' title='bbox 150 3003 216 3066; x_wconf 92' lang='lat' dir='ltr'><strong>lam</strong></span> <span class='ocrx_word' id='word_1_241' title='bbox 237 3003 435 3087; x_wconf 90' lang='lat' dir='ltr'><strong>praetorium</strong></span> <span class='ocrx_word' id='word_1_242' title='bbox 456 3006 490 3065; x_wconf 89' lang='lat' dir='ltr'><strong>et</strong></span> <span class='ocrx_word' id='word_1_243' title='bbox 509 3001 613 3065; x_wconf 91' lang='lat' dir='ltr'><strong>filium</strong></span> <span class='ocrx_word' id='word_1_244' title='bbox 634 3000 701 3065; x_wconf 89' lang='lat' dir='ltr'><strong>eius</strong></span> <span class='ocrx_word' id='word_1_245' title='bbox 715 3000 900 3084; x_wconf 84' lang='lat' dir='ltr'><strong>Aulumque</strong></span> <span class='ocrx_word' id='word_1_246' title='bbox 914 3000 1117 3084; x_wconf 83' lang='lat' dir='ltr'><strong>Torquatum</strong></span> 
     </span>
     <span class='ocr_line' id='line_1_33' title="bbox 151 3085 1117 3184; baseline -0.001 -34"><span class='ocrx_word' id='word_1_247' title='bbox 151 3089 337 3168; x_wconf 79' lang='lat' dir='ltr'><strong>ceterosque</strong></span> <span class='ocrx_word' id='word_1_248' title='bbox 363 3085 593 3184; x_wconf 40' lang='lat' dir='ltr'><strong>parinfortuna·</strong></span> <span class='ocrx_word' id='word_1_249' title='bbox 611 3085 773 3168; x_wconf 79' lang='lat' dir='ltr'><strong>perculsos</strong></span> <span class='ocrx_word' id='word_1_250' title='bbox 795 3085 939 3150; x_wconf 86' lang='lat' dir='ltr'><strong>instituit</strong></span> <span class='ocrx_word' id='word_1_251' title='bbox 962 3085 1048 3150; x_wconf 90' lang='lat' dir='ltr'><strong>tueri</strong></span> <span class='ocrx_word' id='word_1_252' title='bbox 1070 3089 1117 3149; x_wconf 78' lang='lat' dir='ltr'><strong>at</strong></span> 
     </span>
     <span class='ocr_line' id='line_1_34' title="bbox 122 3166 1118 3349; baseline 0.003 -33"><span class='ocrx_word' id='word_1_253' title='bbox 122 3166 1118 3349; x_wconf 47' lang='lat' dir='ltr'><strong>2ltu?‚llslfftssffttltitltttttttffl</strong></span> 
     </span>
     <span class='ocr_line' id='line_1_35' title="bbox 151 3335 1117 3420; baseline -0.003 -17"><span class='ocrx_word' id='word_1_254' title='bbox 151 3340 244 3403; x_wconf 89' lang='lat' dir='ltr'><strong>rium.</strong></span> <span class='ocrx_word' id='word_1_255' title='bbox 288 3335 368 3408; x_wconf 76' lang='lat' dir='ltr'><strong>illud</strong></span> <span class='ocrx_word' id='word_1_256' title='bbox 389 3357 489 3400; x_wconf 89' lang='lat' dir='ltr'><strong>unum</strong></span> <span class='ocrx_word' id='word_1_257' title='bbox 509 3336 655 3420; x_wconf 79' lang='lat' dir='ltr'><strong>intellegi</strong></span> <span class='ocrx_word' id='word_1_258' title='bbox 677 3337 840 3418; x_wconf 81' lang='lat' dir='ltr'><strong>volumus,</strong></span> <span class='ocrx_word' id='word_1_259' title='bbox 867 3338 954 3401; x_wconf 89' lang='lat' dir='ltr'><strong>illius</strong></span> <span class='ocrx_word' id='word_1_260' title='bbox 976 3337 1117 3402; x_wconf 82' lang='lat' dir='ltr'><strong>liberuli-</strong></span> 
     </span>
     <span class='ocr_line' id='line_1_36' title="bbox 123 3419 1119 3502; baseline 0.002 -20"><span class='ocrx_word' id='word_1_261' title='bbox 123 3426 252 3485; x_wconf 79' lang='lat' dir='ltr'><strong>4tetem</strong></span> <span class='ocrx_word' id='word_1_262' title='bbox 273 3439 377 3501; x_wconf 90' lang='lat' dir='ltr'><strong>neque</strong></span> <span class='ocrx_word' id='word_1_263' title='bbox 398 3419 624 3500; x_wconf 87' lang='lat' dir='ltr'><strong>temporariam</strong></span> <span class='ocrx_word' id='word_1_264' title='bbox 645 3438 749 3502; x_wconf 85' lang='lat' dir='ltr'><strong>neque</strong></span> <span class='ocrx_word' id='word_1_265' title='bbox 769 3421 915 3484; x_wconf 87' lang='lat' dir='ltr'><strong>callidam</strong></span> <span class='ocrx_word' id='word_1_266' title='bbox 937 3420 1047 3485; x_wconf 88' lang='lat' dir='ltr'><strong>fuisse.</strong></span> <span class='ocrx_word' id='word_1_267' title='bbox 1084 3421 1119 3484; x_wconf 82' lang='lat' dir='ltr'><strong>id</strong></span> 
     </span>
     <span class='ocr_line' id='line_1_37' title="bbox 156 3501 1121 3587; baseline 0.003 -21"><span class='ocrx_word' id='word_1_268' title='bbox 156 3525 195 3566; x_wconf 85' lang='lat' dir='ltr'><strong>cx</strong></span> <span class='ocrx_word' id='word_1_269' title='bbox 215 3503 294 3585; x_wconf 90' lang='lat' dir='ltr'><strong>ipsis</strong></span> <span class='ocrx_word' id='word_1_270' title='bbox 321 3501 415 3564; x_wconf 88' lang='lat' dir='ltr'><strong>rebus</strong></span> <span class='ocrx_word' id='word_1_271' title='bbox 436 3519 474 3562; x_wconf 85' lang='lat' dir='ltr'><strong>ec</strong></span> <span class='ocrx_word' id='word_1_272' title='bbox 495 3502 693 3582; x_wconf 82' lang='lat' dir='ltr'><strong>temporibus</strong></span> <span class='ocrx_word' id='word_1_273' title='bbox 719 3503 860 3566; x_wconf 27' lang='lat' dir='ltr'><strong>iudicari&gt;</strong></span> <span class='ocrx_word' id='word_1_274' title='bbox 878 3507 1001 3585; x_wconf 86' lang='lat' dir='ltr'><strong>potest,</strong></span> <span class='ocrx_word' id='word_1_275' title='bbox 1029 3504 1121 3587; x_wconf 84' lang='lat' dir='ltr'><strong>quod</strong></span> 
     </span>
    </p>
   </div>
   <div class='ocr_carea' id='block_1_5' title="bbox 0 0 1244 3884">
    <p class='ocr_par' dir='ltr' id='par_1_7' title="bbox 0 0 1244 3884">
     <span class='ocr_line' id='line_1_38' title="bbox 0 0 1244 3884; baseline 0 0"><span class='ocrx_word' id='word_1_276' title='bbox 0 0 1244 3884; x_wconf 95' lang='lat' dir='ltr'><strong> </strong></span> 
     </span>
    </p>
   </div>
  </div>
 </body>
</html>
