2456 3884
111 261 174 326 110
390 277 473 325 nu.
508 233 662 325 amicus.
685 271 793 320 rt-rs.

63 411 99 486 16
192 411 411 478 Humanitatis
432 431 507 476 vero
522 411 648 476 nullum
668 409 793 473 adferre
814 409 918 474 maius
932 411 1094 474 testimo-

107 496 202 644 rfsiutm
213 515 465 644 possffi’qmm
480 493 566 578 quod
580 492 1095 644 idiimmfiillmffiuSfflloe

108 600 294 744 studit
314 599 577 736 imit.
599 599 775 728 noelli„
797 626 897 725 u'n.
919 599 1093 728 orselli

108 747 154 812 sie
175 746 272 830 vixit,
300 750 342 812 ut
357 746 498 812 iudicare
525 745 655 812 difficile
682 745 740 828 sit,
770 744 821 810 cui
849 746 949 810 aetati
976 746 1092 812 fuerit

78 845 94 891 a
109 830 302 914 aptissimus.
339 851 533 914 quemquam
548 851 621 894 eum
637 829 809 912 praecipue
822 829 937 896 dilexit
952 828 1088 913 (licere,

108 920 146 980 nt
167 935 208 979 ne
229 914 329 980 frater
351 913 478 997 quidem
500 914 530 978 ei
546 912 684 988 Quintus
705 913 811 978 carior
830 912 930 978 fuerit
951 917 1009 978 aut
1029 913 1087 980 fa·
1222 926 1225 1006 ³,

79 998 276 1063 smiliarior.
319 998 350 1061 ei
371 998 418 1062 rei
439 1001 515 1062 sunt
535 998 654 1062 indicio
676 1001 804 1080 praeter
824 1017 880 1062 eos
901 997 1018 1080 libros,
1041 999 1083 1062 in

110 1083 226 1166 quibus
254 1079 293 1146 de
315 1102 353 1146 eo
379 1081 459 1146 iacit
479 1082 692 1162 mentionem,
720 1081 776 1164 qui
802 1079 838 1144 in
859 1080 976 1165 vulgus
996 1089 1084 1147 sunt

109 1166 197 1250 editi,
218 1165 355 1230 sedecim
382 1166 548 1231 volumina
577 1165 803 1248 epistolarum,
835 1164 877 1228 sb
905 1165 1078 1230 consulatu

109 1250 177 1316 eius
199 1271 300 1334 usque
322 1249 362 1314 ed
390 1254 566 1316 extremum
586 1253 652 1312 tem
676 1271 714 1312 us
735 1249 777 1312 ed
797 1248 943 1312 Atticum
964 1249 1080 1314 missa-

108 1356 196 1398 rum:
219 1355 301 1417 quae
323 1334 379 1418 qui
399 1333 496 1418 legat,
517 1354 585 1398 non
601 1354 634 1396 m
670 1336 739 1398 tum
761 1331 954 1399 desiderabit
973 1331 1080 1398 histo·

79 1419 192 1484 eriam
214 1422 396 1484 contextam
417 1437 527 1482 eorum
548 1422 739 1500 temporum.
783 1415 829 1481 sic
854 1415 942 1480 enim
965 1417 1080 1481 omnia

110 1502 149 1566 de
171 1501 285 1566 studiis
306 1501 498 1584 principum,
518 1501 606 1564 vitiis
625 1499 751 1581 ducum,
773 1499 1007 1564 mutationibus
1029 1502 1079 1564 rei

109 1585 256 1668 publicae
283 1585 459 1668 perscripta
486 1589 576 1666 sunt,
604 1587 641 1648 ut
661 1582 744 1648 nihil
765 1583 800 1646 in
827 1583 868 1646 iis
889 1603 957 1650 non
979 1605 1081 1666 appa-

109 1673 179 1734 reet
204 1674 238 1734 et
257 1668 353 1734 facile
374 1668 550 1732 existimari
571 1667 684 1750 possit,
706 1667 911 1749 prudentiam
933 1668 1080 1750 quodam

110 1753 207 1818 modo
228 1774 296 1818 esse
324 1752 565 1817 divinationem.
608 1772 676 1831 non
704 1751 791 1817 enim
820 1749 933 1824 Cicero
961 1772 997 1815 en
1021 1772 1078 1816 so-

110 1837 194 1921 lum,
215 1858 296 1919 quae
318 1837 393 1902 vivo
415 1858 449 1902 se
471 1836 668 1918 acciderunt,
693 1834 803 1900 futura
824 1834 998 1918 praedixit,
1020 1835 1079 1900 sed

246 1942 328 2003 quae
349 1941 436 1986 nunc
457 1942 517 1985 usu
538 1919 688 2001 veniunt,
711 1918 828 1982 cecinit
848 1922 886 1984 ut
907 1924 1006 1984 vates.

66 1925 246 2070 liehamlle
272 2005 392 2088 pietate
415 2009 521 2070 autem
543 2004 645 2068 Attici
667 2002 744 2150 puid
765 2002 857 2086 plura
883 2023 1080 2080 commemo-

111 2089 203 2153 rem?
246 2108 318 2154 eum
340 2089 402 2153 hoc
423 2089 528 2171 ipsum
550 2109 623 2152 vere
685 2087 841 2152 orientem
863 2085 1016 2152 audierim
1039 2089 1079 2152 in

111 2171 224 2234 funere
238 2172 350 2235 metris
365 2192 452 2252 suae,
469 2192 566 2253 quam
582 2107 698 2234 extulit
711 2163 870 2235 annoruln
884 2171 1075 2254 nonaginta,

112 2275 184 2318 cum
210 2255 279 2336 ipse
305 2258 389 2318 esset
415 2257 537 2337 septem
568 2259 601 2318 et
628 2255 811 2338 sexaginta,
843 2275 877 2320 se
898 2275 1076 2337 numquam

111 2359 184 2402 cum
205 2343 306 2402 matre
335 2337 370 2402 in
399 2337 536 2434 gret'mm
562 2338 695 2421 redisse,
722 2359 897 2422 numquam
925 2359 997 2402 cum
1025 2359 1079 2402 so-

111 2444 185 2487 rore
205 2421 303 2487 luisse
324 2423 360 2488 in
382 2422 559 2505 simultate,
586 2445 683 2506 quam
704 2444 805 2505 prope
832 2421 997 2505 aequalem
1019 2421 1079 2486 ha·

82 2508 218 2572 abebat.
261 2508 348 2603 quod
370 2512 418 2572 est
439 2507 566 2592 signum
594 2512 650 2571 eut
670 2507 793 2572 nullam
815 2527 967 2589 umquam
990 2506 1080 2572 inter

112 2612 167 2654 eos
190 2591 422 2738 queffinonigm
443 2591 669 2738 luttereessisse,
691 2590 847 2739 autgffljnc
866 2611 905 2654 ea
915 2588 1019 2688 luisse
1040 2592 1078 2687 in

53 2734 57 2744 .
82 2693 363 2823 ,istiuas
391 2696 801 2855 truncaturum
814 2678 1078 2855 “situum

113 2865 209 2926 quam
236 2862 347 2906 omnes
375 2863 404 2905 er
426 2863 591 2925 paremus,
612 2842 668 2906 sed
690 2847 786 2908 etiam
810 2843 971 2906 doctrma:
999 2865 1077 2907 nam

111 2928 294 3011 principum
314 2925 581 3024 philosophorum
608 2926 655 2990 ite
676 2931 825 3010 percepta
850 2926 965 2992 hebuit
986 2949 1079 3010 prae·

112 3017 218 3095 cepis,
241 3015 277 3076 ut
298 3011 338 3076 iis
360 3011 400 3076 ed
422 3011 522 3076 vitem
542 3009 714 3095 agendam,
736 3033 804 3076 non
826 3010 866 3078 sd
889 3012 1079 3078 ostentatio·

111 3116 186 3158 nem
208 3100 361 3160 uteretur.

64 3180 102 3246 18
197 3176 298 3242 Moris
313 3179 410 3244 etiam
424 3180 581 3244 maiorum
603 3170 903 3245 summus'imitator
917 3182 981 3246 fuit
995 3181 1079 3246 anti·

112 3261 309 3348 quitatisque
341 3268 478 3329 amator:
518 3285 614 3347 quam
648 3264 727 3329 adeo
761 3264 932 3349 diligenter
962 3265 1079 3330 habuit

113 3346 287 3432 cognitam,
310 3352 347 3409 ut
369 3368 438 3411 eam
460 3351 563 3411 totam
584 3347 620 3411 in
641 3369 680 3412 eo
701 3348 865 3412 volumine
883 3349 1078 3432 exposuerit,

82 3449 180 3517 aquo
208 3429 414 3514 magistratus
442 3430 612 3495 ordinavit.
661 3431 751 3496 nulls
781 3432 866 3496 enim
893 3432 946 3496 lex
972 3453 1015 3496 ne
1038 3453 1079 3496 ue

112 3538 176 3602 pax
195 3535 301 3599 neque
324 3513 444 3578 bellum
457 3533 563 3596 neque
584 3535 635 3579 res
656 3515 788 3581 illustris
811 3521 860 3582 est
880 3516 993 3600 populi

1213 539 1222 803 l

1219 810 1223 921 l
