2456 3884
386 283 498 332 INDEX
521 283 800 335 GEOGRAPHICUS.

93 420 254 486 Carthigo,
272 422 307 484 cf.
326 422 479 486 Karthago.

92 487 252 548 Cataonia,
264 490 336 554 rapio
348 488 429 539 Asiae
441 492 509 540 inter
521 489 563 540 at-

132 559 220 607 liciom
238 561 264 606 et
284 557 481 620 Cappadociam.

93 621 227 685 Chalcis,
247 621 309 674 urbs
322 625 419 673 insulae
431 622 558 674 Euboeae.

94 689 243 752 chainan,
261 705 324 755 pens
341 692 367 741 in
385 689 477 755 Epiro.

93 756 292 808 chersonisus
310 753 465 823 (Thracia),
482 773 563 822 paen·

1011 271 1072 337 115

615 421 714 503 Delus,
740 438 792 473 nno
814 437 849 473 en
871 424 959 475 insulis
982 424 1071 489 Cycla·

613 489 743 617 Βξέιὸόΐᾶ,
772 557 833 608 urbs
862 557 940 622 Epiri
967 530 1080 609 oraculo·

647 623 719 676 Iouis
736 625 840 688 incipio.

613 690 743 758 Dolipes,
761 706 825 756 pens
845 691 975 742 Thessala.

131 827 221 875 insula
243 830 311 874 inter
328 826 521 888 Hellespontum
539 831 564 877 et
614 823 687 884 Elis,
711 823 772 874 aris
798 830 825 875 et
850 827 923 890 nepio
944 825 1071 890 Pelopon·

133 908 209 943 mare
228 893 365 956 Aepaenm.

648 892 711 944 neri.

95 957 205 1024 Chius,
229 962 311 1010 insula
331 959 432 1011 Graeca
454 961 564 1011 utilitas
613 957 749 1024 Ephisus,
768 958 829 1010 aris
846 959 946 1010 Ioniae.

133 1027 241 1078 Ioniae.

96 1092 221 1155 Cilicia,
249 1095 320 1157 nepio
343 1096 425 1145 Asiae
446 1095 564 1152 minoris,-

135 1159 254 1226 Giliaes‚
274 1163 327 1212 cias
345 1164 452 1214 incolae.

614 1024 730 1091 EpIrns,
748 1029 820 1092 nepio
835 1026 960 1078 Graeciae
971 1033 1072 1091 repten-

649 1095 781 1150 trionalis,·
802 1094 944 1160 Epiriies,
964 1096 1017 1144 eius
1034 1097 1071 1144 in·

649 1163 718 1223 cola3
737 1163 829 1212 adieci.
847 1161 1014 1226 Epiroticas.

96 1226 225 1279 Ciliciae
242 1232 348 1293 portae,
366 1230 457 1291 fauces
473 1230 564 1280 monile
613 1227 733 1292 Eretria,
752 1229 812 1278 orbs
827 1230 925 1278 insulae
937 1227 1073 1284 Euboean
1093 1255 1098 1267 ι

138 1296 223 1346 Tauri
238 1297 305 1345 inter
322 1295 436 1346 Ciliciam
454 1302 479 1346 et
497 1295 563 1360 Gap·

132 1364 281 1427 panaciam.

85 1429 219 1494 ‘Ciiinnu
232 1432 351 1494 oppidum
362 1431 460 1480 insulae
474 1429 561 1494 Cypri.

98 1495 277 1615 Clgzssdim’
289 1499 408 1562 oppidum
416 1512 499 1562 prope
510 1497 563 1546 Pn-

647 1294 825 1358 Ereirieusis,
844 1298 899 1346 eins
915 1297 1006 1345 incolo.

613 1363 701 1443 Eryx,
727 1378 797 1412 nans
819 1368 845 1413 et
866 1365 986 1426 oppidum
1008 1361 1072 1412 Sici·

613 1434 737 1560 Eilregia
755 1499 827 1561 nepio
845 1497 948 1547 Italiae.

613 1563 742 1623 Euboea,
761 1566 843 1615 insuia
863 1564 964 1615 Graeca
981 1571 1072 1615 contra

98 1628 224 1694 Cnidus,
247 1630 307 1681 arbe
329 1632 427 1681 Dorico
448 1633 475 1681 in
498 1631 564 1681 Asia
648 1630 791 1684 Boeotiam.

137 1713 244 1748 minore.

100 1764 237 1826 Colinae,
251 1768 321 1815 locus
332 1768 359 1814 in
371 1779 435 1830 apra
451 1765 563 1816 lionae.

100 1832 240 1900 Corcyra,
259 1835 342 1882 insula
358 1834 385 1882 in
402 1833 476 1882 litore
494 1835 563 1882 occi·

138 1901 238 1950 dentali
248 1899 372 1949 Graeciae
377 1915 387 1957 ,·
405 1896 563 1963 Corcyraei,

137 1969 195 2017 eins
210 1969 317 2018 incolae.

100 2033 263 2095 Corinthus,
282 2032 342 2083 aris
358 2034 426 2082 inter
434 2032 563 2096 Pelopon-

139 2116 227 2151 nesum
244 2107 270 2150 et
291 2101 396 2150 mediam
415 2099 562 2155 Graeciam

140 2166 287 2230 Corinthii,
305 2168 359 2216 eins
376 2168 484 2221 incolae.

103 2234 239 2293 Coronis,
257 2233 318 2284 aris
335 2233 468 2285 Boeotiae.

66 2304 72 2314 “
103 2302 200 2366 Creta,
217 2304 300 2351 insula
315 2301 430 2357 Graecae
448 2299 563 2352 Creten·

139 2383 193 2431 ses,
212 2370 267 2419 eins
284 2371 392 2419 incolae.

102 2435 258 2499 crinium,
273 2435 365 2499 fluuius
382 2432 493 2485 Siciliae.

103 2501 238 2564 crithite,
248 2503 310 2553 arbe
320 2502 471 2553 Chersonesi
483 2501 563 2553 Tira·

139 2572 205 2620 ciae.

103 2634 253 2702 Cyclides,
279 2637 378 2686 insulae
401 2634 515 2687 Graecae
535 2637 564 2686 in

139 2706 206 2754 mari
222 2704 354 2768 Aepnw..

105 2769 203 2833 (lyme,
220 2770 282 2820 aris
299 2771 423 2821 Aeolidis.

613 1697 735 1763 Europa,
754 1699 924 1764 Europaens.

614 1829 753 1881 Falernus
772 1845 848 1896 ager,
866 1833 892 1882 in
910 1830 1058 1894 Campania.

614 1897 774 1964 Fregellae,
793 1899 912 1962 oppidum
929 1899 1009 1950 Latii.

615 2029 711 2083 Gallia
728 2029 923 2096 (transalpina).

614 2097 751 2162 Gortynii,
773 2101 872 2150 incolae
889 2097 959 2149 ariis
978 2099 1070 2164 Gorty·

648 2181 697 2216 nae
713 2168 740 2216 in
756 2169 839 2217 insula
857 2165 943 2218 Creta.

615 2231 744 2297 Graecia,
765 2233 896 2286 Graecus.
973 2242 981 2251 ’

613 2297 694 2350 Graii
702 2320 736 2342 ιι
747 2300 854 2351 Graeci.

613 2367 713 2419 Graius
731 2366 819 2418 saltus
875 2367 956 2431 Alpis
974 2367 1071 2432 Graia,

647 2434 722 2485 nodie
740 2436 788 2484 der
804 2433 887 2483 iricine
902 2435 1052 2486 Bernhard.

615 2499 757 2566 Grynium,
777 2508 887 2550 castrum
903 2503 930 2551 in
948 2502 1071 2568 Plrppia.

613 2633 818 2698 Hadrnmiinm‚
835 2636 955 2698 oppidum
970 2637 997 2686 in
1010 2637 1071 2700 fini·

648 2702 695 2752 bns
711 2701 889 2768 Karinapinis.
1092 2709 1097 2716 '

614 2769 773 2831 Halieuma,
797 2772 917 2834 oppidum
935 2770 1070 2822 Boeotiae.

105 2835 315 2902 Cyprustnsuto
328 2836 440 2901 [ἔπαισας
458 2836 563 2902 Cyprii,
613 2835 855 2895 Halicarnassins,
886 2851 922 2886 en
947 2837 1070 2886 Halicar-

174 2905 229 2954 eiae
245 2905 351 2959 incolae.

646 2919 724 2954 nasso
741 2905 768 2953 in
787 2903 872 2953 Caria.

105 2971 239 3035 Cyrinus,
258 2971 319 3021 urbs
335 2973 362 3021 in
374 2973 449 3021 litore
460 2976 563 3034 septen·
612 2970 825 3036 Hellespontus,
850 2969 875 3033 1)
891 2969 986 3032 fretum
1002 2975 1070 3020 inter

139 3041 244 3091 trionali
264 3039 389 3102 Africaet
416 3036 562 3102 Cyrenaei,

138 3108 193 3156 aas
209 3107 316 3156 incolae.

105 3169 241 3237 Cynicus,
268 3175 329 3223 uris
354 3172 435 3222 Atiae
460 3173 563 3223 ruinario

646 3053 717 3088 mare
736 3037 864 3100 Aepoeum
886 3045 912 3085 et
931 3038 1071 3101 Proponti-

648 3106 703 3155 dem
726 3102 842 3169 (Strasse
860 3105 907 3154 der
924 3105 1071 3155 Dardanei-

646 3172 708 3237 len),
726 3170 755 3236 2)
773 3178 862 3222 terrae
879 3173 915 3222 ati
931 3187 984 3223 eunt
994 3175 1070 3224 sitae.

138 3242 174 3294 aa
184 3240 383 3305 Propontidem:
400 3238 560 3303 Cyzicenus,
612 3239 715 3305 Hippo,
727 3240 847 3303 oppidum
858 3241 884 3289 in
893 3239 986 3303 finibus
999 3240 1070 3290 Kor-

138 3309 191 3358 eias
208 3309 301 3359 incola.

105 3439 233 3506 Decelia,
251 3443 320 3493 nicia
338 3443 448 3492 Atticae.

104 3507 216 3574 Delphi,
233 3510 294 3560 urbs
306 3510 428 3561 Placidus
442 3511 470 3559 in
480 3511 562 3560 media

645 3309 766 3373 tiapinis.

611 3373 761 3440 Hispania,
773 3374 848 3425 lodie
859 3373 986 3440 Spaniam
1003 3374 1069 3423 His·

646 3444 747 3506 punine
757 3461 790 3482 ε-
801 3443 939 3508 Hispania
957 3441 1069 3492 citerior

648 3513 676 3558 et
692 3509 815 3560 ulterior.

139 3576 263 3633 Graecia:
279 3578 371 3628 adieci.
384 3576 545 3642 Delphicus.
613 3576 709 3628 Hister
720 3597 753 3618 ε
765 3577 864 3627 flumen
882 3576 1046 3633 Danuvium.

826 3657 863 3710 8*
