2456 3884
143 28 331 112 priusquam
351 1 392 89 ad
413 45 487 89 suos
500 1 692 108 perveniret,
714 44 756 88 ne
778 45 875 106 quam
889 1 1112 108 susp—inionem

143 113 283 195 pareret,
304 108 340 174 iu
361 109 497 174 eundem
518 108 624 172 locum
650 107 823 172 revertitur
849 111 945 191 atque
967 109 1031 192 ibi,
1055 111 1112 174 ubi

143 194 244 258 telum
270 195 339 258 erat
365 192 538 276 infossum,
565 191 695 274 resedit,
720 194 758 256 ut
784 191 812 256 si
836 191 1028 257 lassitudine
1058 215 1112 258 cu-

142 280 235 362 peret
248 278 474 376 acquiescere,
501 275 721 373 Datamenque
748 275 925 372 revocavit,
951 275 1113 373 simulans

114 358 871 540 ⁴inituiubuduucnuuiu
884 362 1112 528 nun

143 529 225 595 texit
250 551 287 594 ac
312 527 442 594 Datami
463 527 605 593 venientu
633 531 693 609 art,
722 525 811 612 digre
846 531 954 591 entem
978 548 1013 592 se
1041 531 1111 593 ani·

144 613 361 698 madvertisse,
382 613 489 678 lecum
510 611 678 696 quendam,
701 611 756 694 qui
774 614 844 675 erat
863 611 899 676 in
921 617 1109 696 conspectu,

115 697 187 763 tad
208 701 312 762 castra
331 697 481 781 ponenda
502 717 571 760 esse
588 695 747 760 idoneum.
792 715 888 778 quem
909 715 983 760 cum
1005 695 1112 782 digito

144 781 378 846 demonstraret
398 784 431 845 et
451 781 506 844 ille
526 781 705 864 respiceret,
728 798 875 843 aversum
896 779 981 844 ferre
1003 783 1112 845 inaus-

144 865 216 930 iixit
245 865 411 960 priusque,
445 885 542 948 quam
573 863 740 948 quisquam
771 867 881 947 posset
912 883 1111 948 succurrere,

143 947 313 1012 interfecit.
350 950 397 1010 ita
418 947 472 1012 iile
487 948 545 1029 vir,
567 949 623 1030 qui
638 948 756 1012 multas
778 946 922 1030 consilio,
944 947 1111 1012 neminem

143 1029 277 1118 perfidia
297 1035 439 1116 ceperat,
463 1030 612 1096 simulata
633 1035 745 1116 captus
766 1035 815 1096 eat
836 1030 988 1096 amicitia.

527 1271 727 1282 ...----

384 1454 462 1530 XV.
512 1451 864 1528 EPAMJNONDAS.

111 1619 127 1681 l
227 1615 482 1700 Epaminondas,
503 1617 701 1700 Polymnidis
723 1619 818 1702 filius,
840 1617 1020 1685 Thebanus.
1064 1622 1108 1684 de

143 1701 206 1766 hoc
220 1701 407 1784 priusquam
421 1700 596 1784 scribimus,
617 1700 698 1766 haee
734 1702 937 1786 raecipienda
955 1702 1110 1771 videntur

145 1785 332 1884 lectoribus,
353 1805 396 1850 ne
410 1784 532 1850 alienes
552 1806 657 1850 mores
744 1808 818 1851 suos
839 1786 995 1871 referant,
1023 1808 1109 1852 nere

67 1986 70 1990 .
114 1869 1109 2020 2muneremunere?,uticenses

144 2036 232 2100 ribus
254 2036 362 2100 abesse
384 2059 404 2100 a
424 2038 578 2121 principis
599 2058 745 2124 persam
770 2038 886 2102 saltare
907 2059 984 2104 vero
1006 2040 1109 2104 etiam

144 2121 180 2186 in
194 2118 282 2185 vitiis
302 2121 398 2202 poni:
427 2142 508 2204 quae
531 2123 639 2186 omnia
653 2120 737 2204 apud
752 2121 889 2187 Graecos
912 2125 945 2187 et
958 2127 1052 2208 grata
1075 2128 1110 2188 et

115 2205 239 2272 claude
261 2201 359 2290 digna
380 2203 548 2269 ducuntur.
592 2227 665 2270 cum
691 2210 798 2270 autem
825 2207 1001 2290 exprimere
1027 2208 1110 2271 ima·

169 2293 176 2305 '
202 2313 253 2356 em
274 2286 513 2355 consuetudinis
534 2291 632 2372 atque
651 2289 737 2353 ritae
758 2289 893 2354 velimus
907 2289 1110 2374 Epaminon·

144 2312 216 2458 ᾖ,
238 2374 322 2440 nihil
342 2372 488 2438 videmur
509 2372 623 2438 debere
643 2374 905 2457 praetermittere,
927 2373 1013 2458 quod
1034 2395 1107 2457 per-

114 2458 249 2521 stineat
270 2458 310 2522 ad
332 2479 402 2524 eam
423 2457 653 2523 declarandam.
690 2477 789 2539 quare
810 2456 949 2522 dicemus
964 2458 1110 2541 primum

144 2539 323 2625 degenere
350 2543 435 2625 eius,
463 2541 576 2606 deinde
603 2541 719 2624 quibus
740 2539 914 2624 disciplinis
942 2545 975 2604 et
995 2563 1015 2606 a
1036 2542 1112 2624 qui-

143 2625 203 2690 bus
232 2623 276 2688 sit
301 2624 453 2710 eruditus,
474 2629 544 2690 tum
571 2624 610 2690 de
631 2624 772 2689 moribus
798 2625 984 2710 ingeniique
1005 2626 1113 2689 iacul-

143 2708 264 2772 tatibus
286 2710 320 2770 et
339 2707 366 2770 si
382 2730 446 2805 qua
460 2709 523 2773 alia
536 2709 691 2774 memoria
705 2707 803 2805 digna
817 2713 919 2793 amnt,
941 2713 1112 2792 postremo

144 2791 299 2942 ἓξὲξ
313 2794 421 2876 gestis,
444 2813 525 2875 quae
545 2815 565 2858 a
582 2793 728 2878 plurimis
743 2794 843 2858 ammi
863 2797 1112 2876 anteponuntur

278 2897 326 2941 us.
