2456 3884
170 253 212 317 90
435 269 534 317 xxm.
572 268 762 317 alumenu.
786 265 811 317 1.
833 265 860 319 2.

422 506 553 580 XXIII.
607 505 871 581 HANNIBAL.

136 659 152 718 1
253 653 427 736 Hannibal,
449 652 642 718 Hamilcaris
663 654 757 737 filius,
780 653 1092 740 Karthaginiensis·
1113 658 1143 721 si

171 759 282 802 rerum
304 741 361 821 est,
384 737 471 822 quod
492 759 586 802 nemo
602 737 737 819 dubitat,
759 741 796 802 ut
815 739 955 822 populus
970 737 1142 805 Romanus

171 843 282 886 omnes
332 826 421 886 entes
443 823 561 886 virtute
583 822 750 906 superarit,
771 843 840 887 non
862 827 911 888 est
931 823 1142 888 infitiandum

169 843 386 1004 Hannibalem
416 910 508 971 tanto
541 907 736 993 praestitisse
772 911 895 971 ceteros
927 908 1141 1006 imperatores

141 989 1140 1170 2t‘tdftttttttttutitttttttttttit

173 1180 211 1222 eo
228 1179 418 1243 congressus
440 1160 536 1224 estin
551 1159 654 1242 Italia,
676 1180 802 1242 semper
822 1159 967 1222 drsoessit
979 1179 1014 1222 su
1038 1159 1136 1224 erior.

171 1242 347 1326 quodnisi
380 1243 466 1307 domi
500 1244 617 1308 civium
649 1265 780 1308 suorum
808 1243 931 1307 invidia
953 1242 1024 1309 debi
1038 1243 1139 1308 'tatus

171 1331 263 1410 esset,
285 1326 449 1391 Romanos
470 1327 597 1390 ridetur
618 1347 767 1409 superare
783 1327 934 1409 potuisse.
979 1327 1034 1392 sed
1056 1328 1139 1392 mul-

170 1415 279 1475 torum
301 1411 492 1474 obtrectatio
515 1410 633 1474 devicit
653 1411 748 1474 unius
770 1412 931 1474 virtutem.

141 1509 157 1556 ³
257 1493 319 1557 Hie
341 1498 448 1558 autem
471 1493 559 1557 velut
579 1493 756 1558 hereditate
778 1494 925 1558 relictum
948 1494 1061 1560 odium
1084 1517 1139 1578 pa-

170 1580 299 1641 ternum
320 1597 397 1662 erga
410 1576 574 1640 Romanos
596 1578 641 1642 sic
663 1578 874 1660 conservavit,
897 1583 934 1642 ut
955 1579 1045 1661 prius
1071 1581 1138 1642 ani-

170 1682 255 1726 mam
278 1682 374 1744 quom
395 1660 430 1725 id
451 1661 647 1744 deposuerit,
676 1662 733 1745 qui
759 1661 902 1744 quidem,
931 1683 1007 1725 cum
1033 1665 1139 1745 patrie

170 1745 282 1828 pulsus
304 1750 387 1810 esset
408 1749 440 1811 et
454 1745 628 1810 alienarum
650 1766 748 1829 opum
768 1744 944 1829 indigeret,
959 1767 1139 1830 numquam

134 1831 155 1893 2
171 1829 329 1894 destiterit
350 1831 457 1894 animo
479 1829 598 1894 bellare
613 1851 686 1893 cum
700 1828 864 1894 Romanis.
880 1851 970 1893 ·nam
985 1835 1023 1896 ut
1045 1831 1139 1894 omit·

170 1919 237 1978 tam
251 1913 448 1997 Philippum,
471 1935 567 1997 quem
588 1915 702 1978 absens
724 1912 850 1978 hostem
866 1913 1005 1978 reddidit
1019 1913 1139 1979 Roma-

171 1999 403 2145 tichicum
420 1997 1138 2163 lttttttttttttltttttdealt·

170 2169 328 2244 utusque
350 2185 369 2226 a
390 2164 487 2226 rubro
509 2165 590 2227 meri
611 2185 700 2227 erma
718 2169 852 2229 conatus
874 2166 917 2229 sit
936 2165 1054 2228 inferre
1069 2129 1139 2230 Ita3

141 2244 244 2308 aliae.
288 2245 328 2307 ed
377 2265 450 2308 uem
479 2267 551 2310 cum
578 2246 677 2330 legati
703 2249 867 2314 venissent
895 2247 1044 2332 Romani,
1075 2253 1140 2334 qui

171 2327 210 2392 de
233 2328 300 2392 e'ius
321 2267 489 2393 voluntate
505 2330 709 2414 explorarent
724 2331 899 2416 darentque
914 2354 1043 2416 operam
1059 2355 1142 2398 con·

171 2413 252 2560 sigge
266 2413 482 2562 clandesttpnis
504 2418 541 2478 ut
555 2413 772 2562 Halpnibelem
786 2417 822 2480 in
836 2417 1051 2565 spepiciplpem
1065 2420 1140 2504 regi

170 2520 189 2561 a
232 2517 348 2561 uceren
431 2520 601 2562 muema
644 2519 838 2564 rsrseorru
877 2523 931 2566 um
997 2523 1059 2566 aa
1097 2523 1139 2566 ue

170 2585 266 2644 antea
287 2547 415 2664 sentire,
438 2519 543 2665 nilque
564 2582 598 2646 id
618 2520 739 2647 frdstra
752 2523 913 2668 fecissbnt,
935 2585 1033 2668 idque
1047 2505 1139 2651 ἔξη-

169 2663 259 2727 nibal
281 2665 487 2746 comperisset
508 2685 605 2749 seque
627 2667 667 2730 ab
689 2667 896 2732 interioribus
924 2670 1070 2734 consiliis
1092 2692 1139 2734 se·

141 2747 300 2834 egregari
321 2747 460 2830 vidisset,
483 2751 627 2831 tempore
649 2753 723 2814 dato
738 2752 818 2816 adiit
839 2752 879 2815 ad
900 2773 1019 2837 regem,
1042 2754 1139 2837 eique

169 2855 242 2898 cum
264 2832 366 2896 multa
387 2831 425 2895 de
447 2831 509 2895 fide
531 2853 588 2897 sua
610 2837 643 2898 et
664 2834 737 2899 odio
755 2836 791 2899 in
812 2834 977 2900 Romanos
999 2857 1139 2901 comme

169 2921 339 3001 morasset,
367 2915 429 2980 hoc
451 2915 612 2980 adiunxit:
641 2923 745 3002 ‘pater
765 2927 885 3003 meus',
907 2919 1030 3003 inquit,
1060 2920 1139 2984 ‘Ha-

169 3001 295 3083 milcar,
317 3001 452 3087 puerulo
474 3022 534 3084 me,
557 3004 669 3085 utpote
691 3024 759 3067 non
781 3003 918 3086 amplius
939 3025 1059 3068 novem
1082 3026 1140 3068 an·

169 3105 229 3147 nos
249 3089 343 3168 nate,
365 3086 401 3148 in
421 3085 612 3168 Hispaniam
633 3087 807 3170 imperator
827 3088 1034 3170 proficiscens
1055 3087 1141 3153 Kar·

169 3167 317 3251 thagine,
353 3168 434 3234 Iovi*
456 3169 578 3252 optimo
615 3171 752 3236 maximo
789 3172 911 3236 hostias
944 3172 1140 3239 immolavit.

140 3263 252 3334 lquae
274 3250 383 3316 divina
403 3274 453 3317 ree
481 3251 556 3316 dum
583 3254 824 3340 conficiebatur,
878 3257 1016 3322 uaesivit
1044 3279 1065 3322 a
1085 3279 1141 3322 me

170 3333 327 3399 vellemne
350 3355 456 3399 secum
478 3337 513 3400 in
529 3342 632 3402 castra
646 3339 813 3420 proficisci.
851 3277 885 3402 il
906 3361 980 3405 cum
997 3342 1141 3406 libenter

173 3419 365 3502 accepissem
379 3421 475 3565 cippus
497 3421 537 3484 ab
553 3441 591 3485 eo
606 3427 714 3504 petere
729 3423 904 3506 coepissem
918 3445 960 3489 ne
974 3424 1142 3490 dubitaret
1226 3451 1227 3454 ¹

93 3528 96 3536 =
174 3504 297 3585 ducere,
319 3502 414 3566 tumi
441 3523 467 3584 e,
483 3502 608 3586 faciam,
631 3505 746 3589 inquit,
768 3507 795 3569 si
814 3506 895 3572 milri
910 3507 1016 3590 fidem,
1039 3530 1140 3590 quam
1226 3573 1227 3576 ,
