2456 3884
269 271 272 278 ’
351 263 412 310 vu.
439 262 658 313 uncialibus.
680 261 746 317 aa.
986 251 1029 317 29

9 363 10 426 Ῠ
57 421 137 462 nam
170 417 245 462 eum
278 395 365 479 apud
397 398 506 482 Aegos
537 397 657 462 flumen
681 399 864 484 Philocles,
900 407 1030 484 praetor
1117 433 1120 438 ·

9 567 10 570 Ἴ
57 481 322 563 Atheniensium,
335 481 466 544 classem
481 483 699 546 constituisset
713 505 803 547 suam
816 506 921 568 neque
931 485 1028 584 longe

9 583 10 648 l
58 568 189 630 abesset
208 564 388 649 Lysander,
410 569 540 648 praetor
550 565 894 653 Lacedaemoniorum,
917 572 973 656 qui
994 592 1030 634 in

9 685 11 714 γ
57 672 100 714 eo
123 652 193 714 erat
213 651 388 732 occupatus
409 651 446 712 ut
467 649 587 714 bellum
612 673 709 734 quam
738 652 914 718 diutissime
937 653 1029 718 duce-

9 737 11 770 *
59 737 119 816 ret,
143 731 230 817 quod
251 733 331 816 ipsis
345 733 512 815 pecuniae
533 755 608 820 rege
623 735 894 820 suppeditabatn,
917 741 1029 802 contra

9 873 10 878 ,
59 817 317 882 Atheniensibus
339 817 502 882 exhaustis
522 823 649 901 praeter
669 841 757 883 arma
779 824 812 884 et
825 842 923 884 naves
944 821 1028 886 nihil

9 905 10 954 ἒ
61 905 131 966 erat
152 923 259 985 snper,
281 901 465 965 Alcibiades
487 901 527 964 ad
549 902 722 966 exercitum
744 904 834 968 venit
849 904 1056 969 Athenien-2

9 1005 11 1044 ς
62 987 146 1050 sium
161 985 273 1069 ibique
289 989 456 1069 praesente
471 988 569 1070 vulgo
592 1005 686 1070 agere
708 989 827 1071 coepit:
849 989 885 1052 si'
898 989 1027 1072 vellent,

63 1091 95 1133 se
117 1072 306 1134 coacturum
327 1067 528 1152 Lysandrum
545 1069 695 1134 dimicare
710 1077 774 1137 aut
793 1093 905 1154 pacem
943 1076 1027 1138 etere

9 1155 12 1218 l
62 1152 255 1237 spopondit:
276 1152 546 1218 Lacedaemonios
561 1174 599 1218 eo
620 1153 708 1218 nolle
730 1155 829 1219 classe
844 1095 1027 1240 coniligere,

9 1233 11 1324 l
64 1237 153 1321 quod
172 1237 371 1320 pedeshibus
393 1237 494 1319 copiis
537 1237 588 1300 lus
610 1258 706 1318 quam
719 1238 855 1302 navibus
870 1239 1027 1305 valerent:

63 1321 128 1385 sibi
159 1323 269 1386 autem
299 1341 364 1384 esse
396 1319 491 1396 facile
514 1259 688 1403 Ibenthem,
721 1341 829 1406 regem
856 1321 1055 1407 Thracum,e

64 1403 220 1469 adducere
247 1407 284 1468 ut
310 1425 384 1468 eum
411 1407 498 1468 terra
518 1403 705 1487 depelleret:
750 1426 792 1468 uo
813 1404 899 1471 facto
920 1428 1046 1472 neces-s

65 1489 149 1552 sario
170 1491 227 1552 aut
247 1487 347 1576 classe
369 1487 591 1552 conflicturum
612 1492 669 1553 aut
695 1426 814 1552 bellum
835 1492 1027 1573 compositu·

65 1594 148 1637 rum.
190 1571 223 1634 id
243 1571 304 1636 etsi
324 1592 399 1636 uere
421 1571 541 1636 dictum
561 1571 721 1636 Philocles
743 1573 1024 1656 animadvertebat,
1040 1589 1057 1639 4

65 1660 172 1720 tamen
193 1656 357 1739 postulata
378 1655 482 1719 facere
503 1655 618 1739 noluit,
642 1655 728 1753 quod
742 1659 900 1722 sentiebat
920 1680 954 1723 se
969 1661 1027 1722 Al-

64 1739 185 1804 cibiade
207 1742 336 1823 recepto
358 1739 478 1803 nullius
499 1743 656 1803 momenti
677 1740 762 1823 apud
781 1742 956 1804 exercitum
977 1744 1026 1807 fu·

64 1829 171 1888 turum
203 1827 251 1908 et,
283 1823 311 1887 si
339 1822 417 1907 quid
435 1822 566 1887 secundi
588 1823 760 1906 evenisset,
787 1825 910 1887 nullam
931 1826 967 1889 in
989 1846 1027 1890 ea

64 1929 97 1972 re
117 1930 211 1972 suam
224 1911 350 1991 partem
369 1907 448 1990 fore,
471 1910 584 1972 contra
605 1929 653 1990 ea,
675 1908 701 1971 si
717 1906 794 1990 quid
807 1907 932 1972 adversi
947 1911 1026 1974 acci·

65 1991 172 2074 disset,
192 2012 230 2054 se
251 2013 350 2055 unum
371 1991 439 2056 eius
462 1991 570 2055 delicti
590 1991 735 2056 futumm
756 2012 856 2056 reum.
900 1993 940 2057 ab
962 1993 1055 2058 hooc

65 2075 232 2140 discedens
253 2075 432 2139 Alcibiades
455 2076 631 2158 ‘quoniam’
657 2075 764 2158 inquit
786 2075 950 2142 ‘victoriae
971 2099 1027 2160 pa-

64 2160 142 2224 triae
163 2179 341 2244 repugnas,
373 2158 454 2224 illud
485 2181 617 2243 moneo,
649 2159 739 2223 iuxta
769 2158 896 2225 hostem
923 2165 1026 2226 castra

64 2243 182 2309 habeas
203 2244 349 2307 naulica:
370 2244 548 2327 periculum
570 2246 619 2307 est
640 2243 740 2326 enim,
762 2265 803 2307 ne
825 2244 1026 2310 immodestia

65 2328 201 2392 militum
223 2331 404 2392 vestiarum
426 2327 549 2394 occasio
565 2326 657 2391 detur
670 2327 836 2408 Lysandro
851 2330 949 2392 vestri
971 2351 1026 2412 op·

85 2411 222 2476 rimandi
237 2412 416 2476 exereitus’.
445 2432 550 2495 neque
565 2432 603 2475 ea
616 2431 667 2474 res
681 2410 773 2474 illum
786 2410 913 2474 fefellit.
948 2425 1055 2474 name

65 2433 1026 2663 lemausum

42 2684 163 2746 ,paene
185 2663 300 2726 inanes
321 2661 463 2744 relictas,
490 2666 617 2746 tempus
643 2663 691 2726 rei
735 2660 869 2726 erendae
890 2683 958 2726 non
981 2663 1025 2728 di·

65 2747 147 2810 misit
170 2767 275 2828 eoque
296 2747 419 2829 impetu
439 2745 560 2810 bellum
580 2748 686 2810 totum
708 2682 835 2811 delevit.

142 2833 192 2894 At
218 2828 417 2911 Alcibiades,
446 2829 539 2893 vietis
572 2829 824 2894 Atheniensibus
851 2851 918 2894 non
946 2830 1062 2894 satis9

65 2916 128 2980 luta
150 2914 265 2978 eadem
286 2912 357 2978 loca
379 2913 440 2978 sibi
460 2913 628 2996 arbitrans,
650 2914 778 2997 penitus
799 2914 835 2976 in
856 2912 1025 2976 Threciam

63 2996 470 3145 tfflptaltttmlltt
488 2997 625 3164 esc
642 3019 668 3143 l
689 2995 854 3145 {thil
872 2995 1054 3146 heile

63 3169 232 3248 postquam
260 3186 333 3229 eum
362 3185 435 3229 cum
462 3185 581 3250 magna
606 3164 742 3248 pecunia
768 3163 893 3228 venisse
920 3132 1025 3231 sense3

63 3253 142 3332 runt,
167 3248 302 3313 insidiae
323 3247 483 3313 fecerunt:
506 3249 563 3332 qui
583 3269 630 3331 ea,
654 3269 735 3331 quae
753 3251 948 3333 apportarat,
971 3252 1024 3314 ab·

63 3333 230 3415 stularunt,
250 3333 358 3416 ipsum
380 3353 492 3416 capere
513 3353 581 3397 non
599 3334 783 3414 potuerunt.
820 3333 875 3397 ille
890 3347 1053 3399 cernense

62 3416 185 3481 nullum
206 3416 315 3481 locum
336 3416 399 3480 sibi
419 3419 525 3481 tutum
546 3417 582 3480 in
604 3414 739 3481 Graecia
759 3421 892 3501 propter
911 3421 1023 3501 poten·

62 3499 135 3564 tiam
158 3499 487 3566 Lacedaemoniorum
513 3499 554 3574 ad
575 3499 820 3565 Pharnabazum
845 3501 883 3566 in
911 3501 1022 3564 Asiam
