2456 3884
398 265 461 312 x11.
500 261 681 317 cusanus.
705 263 778 314 1-e.
1026 250 1072 316 45·

1 365 7 440 ³·
97 401 240 485 proelio,
263 399 352 484 quod
372 400 458 484 apud
479 399 606 465 Thebas
627 400 719 486 fecit,
742 423 815 466 cum
837 401 969 466 Boeotis
996 404 1068 467 sub-

1 557 2 564 ,
95 486 183 550 sidio
198 486 348 552 venisset.
385 505 524 568 namque
545 486 581 548 in
602 504 640 551 eo
655 486 790 550 victoria
803 484 922 550 fidente
941 502 1096 551 summor

96 570 182 634 duce
203 567 365 654 Agesilao,
387 568 424 633 fu
448 569 509 633 atis
531 589 596 633 iam
618 569 658 634 ab
680 591 718 635 eo
739 568 946 634 conducticiis
968 573 1068 635 cater-

96 653 158 736 vis,
181 652 340 735 reliquam
361 651 406 735 ph
440 671 556 750 angem
578 653 650 718 loco
672 655 775 751 vetuit
802 653 912 718 cedere
935 654 1067 752 obnixo-

96 741 413 885 ttssffittlttttt’
429 737 1068 886 rtfltthlltdlltthsllt?

95 905 198 989 gredi·
217 924 288 968 nen
314 907 364 968 est
385 924 480 968 ausus
509 841 739 987 suosquegiam
761 905 961 970 incurrentes
989 844 1068 970 tirha

96 986 272 1054 revocavit
316 987 379 1052 hcc
400 1008 501 1070 usque
520 1008 558 1052 eo
580 990 649 1052 tota
664 987 799 1052 Graecia
819 988 906 1052 fama
928 989 1095 1053 celebra-3

98 1077 169 1136 him
199 1075 261 1153 est,
289 1075 327 1135 ut
353 1069 410 1134 illo
441 1074 530 1135 statu
558 1070 713 1137 Chabrias
741 1072 801 1136 sibi
830 1076 969 1137 statuam
996 1073 1067 1137 fieri

1 1193 2 1199 κ
97 1154 256 1237 voluerit,
284 1175 366 1238 quae
392 1155 519 1238 publice
546 1156 576 1218 ei
597 1154 637 1219 ab
658 1156 910 1220 Atheniensibus
937 1157 973 1221 in
994 1157 1066 1220 foro

98 1240 279 1305 constituta
299 1241 356 1303 est
393 1259 432 1303 ex
452 1237 659 1324 quassatum
681 1243 730 1304 est
743 1243 781 1304 ut
793 1243 906 1323 postea
927 1239 1066 1304 athletae

100 1324 265 1408 ceterique
286 1323 423 1388 artifices
437 1323 477 1387 iis
494 1323 630 1387 statibus
644 1323 679 1386 in
693 1322 806 1387 statuis
820 1322 978 1407 ponendis
1000 1326 1066 1387 ute

1 1417 2 1462 3
99 1411 227 1488 rentur,
272 1408 367 1470 uibus
388 1407 555 1490 victeriam
577 1410 684 1471 essent
704 1405 820 1489 adepti.

1 1495 2 1498 ’
186 1429 342 1555 Chabrias
372 1493 478 1554 autern
506 1488 609 1553 multa
634 1491 670 1552 in
697 1489 829 1573 Europa
855 1490 940 1555 bella
967 1489 1103 1554 admi-2

1 1644 2 1648 ,
102 1574 264 1656 nistrarit,
289 1594 363 1638 cum
384 1572 447 1638 dux
469 1573 717 1638 Atheniensium
740 1577 837 1657 esset3
858 1575 895 1638 in
915 1577 1067 1660 Aegypto

102 1679 160 1722 sua
187 1661 301 1741 sponte
328 1657 440 1742 gessit:
478 1677 554 1720 nam
586 1655 802 1722 Nectenebin
819 1657 964 1723 adiutum
994 1679 1067 1742 pro·

1 1773 2 1816 i
100 1741 204 1805 fectus
231 1761 266 1804 re
313 1762 368 1804 um
396 1741 426 1804 ei
452 1740 627 1806 constItuit.
668 1741 746 1805 feeit
766 1740 851 1804 idem
874 1740 972 1824 prri
1011 1741 1095 1804 sede

1 1831 2 1859 ³
100 1824 277 1909 publices
331 1823 582 1888 Atheniensibus
608 1823 778 1909 Euagorae
805 1822 933 1887 adiutor
965 1790 1067 1907 datus,

1 1941 2 1946 κ
100 1929 207 1993 neque
222 1907 311 1991 prius
325 1905 400 1972 inde
418 1907 570 1990 discessit,
593 1929 689 1990 quam
710 1911 813 1971 totarn
827 1906 966 1971 insulani
980 1907 1066 1971 bello

1 2063 2 2074 χ
101 1993 300 2058 devinceret:
323 2001 386 2076 qua
409 2013 448 2056 ex
468 2013 503 2056 re
523 1990 737 2055 Athenienses
758 2010 910 2074 magnam
930 1991 1067 2075 gloriam

1 2133 2 2150 ,
101 2081 184 2142 sunt
205 2075 318 2158 adepti.
353 2076 484 2140 interim
504 2075 625 2139 bellum
646 2075 731 2141 inter
744 2074 924 2159 Aegyptios
946 2079 978 2138 et
991 2073 1097 2138 Per-3

1 2197 2 2212 κ
102 2182 155 2225 aas
171 2159 343 2224 conflatum
358 2163 415 2223 est.
451 2159 666 2224 Athenienses
686 2179 758 2222 cunr
773 2160 950 2223 Artaxerxe
970 2159 1067 2223 socie

1 2273 2 2310 3
101 2248 204 2308 tatem
222 2242 394 2326 hebebant,
409 2242 653 2308 Lacedaemonii
671 2263 743 2307 cum
757 2243 937 2328 Aegyptiis,
958 2264 978 2307 a
999 2243 1067 2325 qui·

1 2349 2 2374 ¹
102 2330 163 2392 bus
185 2347 321 2411 magnas
342 2314 475 2410 praedas
497 2327 676 2411 Agesilaus,
699 2347 755 2391 rex
777 2348 897 2410 eorum,
919 2327 1067 2390 faciebat.

103 2411 137 2475 id
156 2413 287 2476 intuens
303 2408 467 2494 Chabrias,
489 2431 562 2474 cum
583 2410 618 2474 in
639 2430 674 2474 re
694 2410 785 2475 nulle
805 2409 957 2494 Agesilao
979 2406 1068 2471 cede·

102 2499 166 2578 ret,
199 2517 258 2559 sua
286 2499 402 2640 sponte
434 2515 488 2558 eos
518 2493 662 2559 adiutum
693 2493 855 2590 profectus
888 2491 1068 2576 Aegyptiae

102 2580 198 2644 classi
218 2599 296 2662 pree
312 2577 374 2660 uit,
395 2577 595 2661 pedestribus
617 2577 717 2660 copiis
736 2575 916 2659 Agesilaus.

188 2662 271 2727 Tum
282 2661 435 2744 praefecti
445 2681 480 2726 re
506 2661 531 2725 ‘s
542 2660 657 2726 Persae
668 2660 791 2745 legatos
805 2659 963 2724 miserunt
970 2659 1069 2724 Athe·
1084 2659 1103 2722 3

101 2768 161 2810 nas
176 2750 335 2830 questum,
359 2744 485 2828 quodC
510 2746 614 2809 ebrias
636 2743 804 2808 adversum
823 2763 933 2841 regem
947 2742 1068 2806 bellum

126 2833 230 2895 ereret
261 2851 334 2894 cum
366 2829 544 2914 Aegyptiis.
593 2827 807 2892 Athenienses
838 2827 923 2891 hem
950 2829 1068 2889 certam

102 2851 262 2979 hhubriee
283 2914 550 2997 praestituerunt,
572 2933 667 2996 quam
690 2917 764 2975 ante
786 2909 915 2974 domum
936 2909 999 2972 nisi
1020 2929 1068 2972 re-

0 3033 1 3050 κ
101 2999 203 3062 disset
255 2997 369 3081 capitis
402 3019 435 3061 se
467 2997 558 3061 illum
590 2995 796 3060 damnaturos
827 2991 1068 3058 denuntiarunt.

101 3083 165 3147 hoc
192 3047 248 3145 ille
276 3081 391 3144 nuntio
420 3080 565 3145 Athenas
597 3078 706 3162 rediit,
739 3097 844 3161 neque
875 3076 921 3141 ibi
949 3075 1069 3142 diutius

102 3169 153 3229 est
173 3167 332 3249 moratus,
353 3185 450 3310 (paam
471 3163 534 3229 fuit
553 3183 691 3228 necesse.
733 3182 801 3226 non
823 3161 909 3226 enim
930 3161 1098 3258 libentere

102 3252 173 3314 erat
199 3252 275 3314 ante
303 3269 363 3313 ocu
377 3269 413 3312 os
444 3269 574 3312 suorum
607 3247 740 3332 civium,
769 3245 855 3329 quod
883 3249 915 3310 et
940 3246 1070 3312 urebat

103 3333 191 3396 laute
213 3336 246 3396 et
259 3332 351 3396 indul
375 3333 450 3397 ebat
463 3332 525 3396 sibi
538 3330 716 3414 liberalius,
739 3351 835 3415 quam
857 3334 893 3395 ut
913 3328 1068 3394 invidiam

106 3415 194 3500 vulgi
214 3420 326 3500 posset
339 3352 488 3501 elingere.
523 3417 573 3480 eet
593 3415 679 3480 enim
693 3415 756 3480 hoc
770 3435 938 3480 commune
952 3412 1066 3508 vitium
1081 3424 1096 3471 3

102 3501 231 3585 magnis
267 3499 440 3584 liberisque
477 3497 674 3584 civitatibus,
717 3503 753 3565 ut
788 3497 909 3564 invidia
945 3495 1067 3580 glanae
