2456 3884
393 272 467 321 ,nn
504 236 695 327 muonnon.
718 273 742 320 4.
765 273 792 327 5.
1037 262 1080 329 85

112 404 305 470 videbantur
318 404 475 505 ‘dicebat'
496 429 600 506 neque
621 410 681 474 hoc
700 409 749 474 illi
771 411 946 511 quisquam·
961 414 1079 479 tn'bue-

111 491 1108 672 ortuum?conumquunutu³

112 658 312 724 euocandus
333 661 458 724 audnet
478 661 671 746 praedicari,
693 673 869 748 numquam
890 631 982 730 aliut
998 665 1080 730 dixit

112 764 210 826 quam
232 764 266 808 se
294 742 330 808 in
352 765 392 808 ea
415 765 450 808 rc
471 747 609 811 maxime
631 747 691 811 diis
713 747 808 832 agere
834 749 955 833 gratas
982 753 1079 832 atque
1133 807 1135 812 .

111 827 246 911 habere,
269 826 370 911 quod,
399 848 472 893 cum
494 829 636 894 Siciliam
657 851 799 896 recreare
826 835 1069 899 constituissent

6 965 7 968 ,
111 915 183 976 tum
214 931 249 976 sc
285 912 490 995 potissimum
521 913 633 978 ducem
665 936 732 979 cese
765 915 956 982 voluissent:
993 883 1108 983 nihit4

113 996 201 1060 em'm
221 1017 328 1063 rerum
349 996 563 1062 humanarum
592 999 661 1063 aine
688 998 821 1064 deorum
848 1001 980 1066 numine
1008 1003 1078 1087 geri

113 1081 256 1163 putabat.
292 1080 402 1164 itaque
416 1099 492 1146 auae
509 1080 596 1146 domi
610 1083 761 1148 sacellum
779 1085 981 1150 Automatias
1002 1107 1077 1151 con-

5 1197 6 1210 c
112 1163 262 1228 stituerat
281 1163 377 1248 idque
399 1165 596 1230 amatissime
618 1166 752 1232 colebat.

200 1248 252 1312 Ad
271 1248 355 1314 hanc
381 1248 523 1314 hominis
551 1250 758 1328 excellentem
784 1253 963 1320 bonitatem
984 1257 1113 1321 mira-5

114 1333 196 1408 biles
216 1337 413 1398 accesserant
429 1354 529 1398 casus.
573 1355 649 1398 nam
670 1335 793 1418 proelia
813 1338 953 1402 maxima
973 1340 1077 1405 natali

113 1437 172 1481 suo
194 1415 245 1480 die
266 1417 344 1483 fecit
364 1419 488 1484 omnia:
507 1438 580 1501 ·quc
607 1418 728 1484 factum
756 1424 805 1485 est
829 1426 868 1486 ut
895 1423 963 1488 eius
992 1423 1077 1488 diem

113 1501 254 1566 natatem
275 1501 393 1568 factum
414 1503 547 1568 haberet
567 1503 717 1568 universa
738 1503 856 1570 Sicilia
905 1506 982 1572 huic
1006 1508 1105 1592 qui-a

5 1609 6 1612 ¹
114 1585 186 1650 dam
212 1585 408 1670 Laphystius
450 1588 548 1652 homo
576 1588 722 1673 petulans
752 1594 785 1655 et
810 1591 966 1675 ingratus,
988 1592 1076 1657 vadi·

5 1719 6 1748 2
112 1671 258 1736 monium
279 1692 353 1745 cum
374 1637 471 1736 vetlet
484 1671 658 1756 imponere,
680 1673 767 1757 quod
789 1695 862 1739 cum
876 1675 933 1739 illo
955 1697 989 1740 se
1004 1677 1075 1762 loge

5 1763 7 1850 ᾗ
112 1775 206 1840 agere
229 1754 362 1838 diceret,
385 1760 418 1821 ct
444 1758 623 1840 complures
645 1758 896 1841 concurrissent,
924 1760 981 1842 qui
1001 1781 1075 1842 μθ.

112 1840 278 1904 cecitatem
300 1840 441 1904 hominis
463 1841 611 1905 manibus
630 1860 775 1905 coercere
797 1846 999 1926 conarentur,
1022 1843 1075 1907 Ἦ-

113 1923 244 1990 moleon
271 1924 375 1989 oravit
402 1945 526 2008 omnes,
554 1945 596 1988 ne
624 1924 658 1987 id
678 1926 831 1990 facerent
880 1947 1018 2010 namque
1040 1928 1074 1991 id

112 2012 149 2073 ut
169 2007 346 2091 Laphystio
364 2012 401 2106 ‘et
427 2009 529 2106 cuiuis
555 2008 682 2092 liceret,
711 2029 745 2073 se
765 2009 922 2107 maximos
949 2010 1074 2107 latores

112 2113 300 2240 m?
316 2091 962 2261 urmrufflnuuuuauou
980 2094 1075 2244 htt

112 2259 249 2342 experiri
269 2225 389 2325 ltceret
433 2226 530 2343 idem:
550 2281 623 2326 oum
645 2198 775 2344 qtidam
796 2199 1104 2346 Laphys'tiieglimia

110 2343 166 2427 lis,
188 2344 320 2409 nomine
341 2343 571 2426 Demaenetus,
593 2346 628 2410 in
650 2347 802 2410 contione
822 2346 936 2432 populi
966 2347 1004 2411 de
1026 2369 1075 2412 re·

111 2427 170 2492 bus
192 2428 291 2512 gestie
313 2428 381 2505 eius
409 2429 574 2493 detrahere
601 2429 759 2526 coepisset
784 2447 821 2494 ac
847 2429 1005 2494 nonnulla
1026 2432 1074 2495 in-

111 2511 282 2576 ueheretur
302 2513 337 2576 in
358 2511 575 2596 Timoleonta,
597 2511 678 2576 dunt
698 2533 785 2576 nuno
806 2510 934 2576 demum
950 2533 983 2577 se
1005 2515 1074 2579 voti
1204 2555 1206 2559 -

112 2617 179 2660 esse
214 2596 413 2661 damnatum:
446 2617 584 2680 namque
612 2595 675 2660 hoc
704 2617 724 2660 a
751 2595 811 2662 diis
837 2596 1074 2664 immortalibus

111 2700 237 2764 semper
256 2684 430 2764 precatum,
451 2685 489 2745 ut
509 2679 607 2744 talem
620 2679 801 2746 libertatem
821 2681 1003 2747 restitueret
1017 2679 1073 2765 Sy·

110 2764 290 2862 raousanis,
317 2765 352 2828 in
378 2785 443 2848 qua
468 2764 568 2829 cuivis
589 2763 709 2847 liceret,
735 2763 859 2848 dequo
882 2765 993 2850 vellet,
1015 2766 1073 2830 im·

110 2847 344 2997 puneflttcttrtt
359 2932 443 2998 diem
457 2953 641 3017 supremum
661 2933 789 3015 obisset,
803 2931 931 3016 publice
945 2954 965 2996 a
979 2931 1071 3016 syre
1085 2943 1103 2995 4
