2456 3884
1 1871 2 1876 κ
65 1878 74 1894 .
95 1825 284 1893 'communis

362 263 401 312 rr.
430 263 707 314 rnrnrsroonns.
730 262 807 312 s-r.
1043 251 1065 318 9

98 403 211 466 cerent
225 395 265 464 de
279 399 376 464 rebus
387 399 464 468 ¹suis.
496 399 748 480 deliberantibus
760 399 880 484 Pythia
894 402 1068 485 respondit,

98 489 135 550 ut
148 484 323 549 moenibus
337 483 456 568 ligneis
477 504 511 547 se
525 485 698 549 munirent.
743 484 776 547 id
798 504 987 568 responsum
1001 507 1065 570 quo
1080 498 1096 548 t

99 569 223 635 valeret
250 588 325 632 cum
359 568 562 652 intellegeret
592 588 703 651 nemo,
736 567 965 634 Themistocles
998 592 1068 653 per·

100 653 201 718 suasit
215 651 389 722 eonsilium
403 673 471 716 esse
485 651 658 735 Apollinis,
679 656 717 715 ut
736 652 772 715 in
785 673 884 718 naves
898 675 932 718 se
947 672 1067 736 suaque

99 736 303 802 conferrent:
346 756 420 800 eum
458 735 544 800 enim
581 757 602 806 a
636 735 695 800 deo
734 737 908 821 significari
940 759 1067 802 murum
1112 735 1115 740 “

98 821 255 910 lignenm.
291 819 351 884 tali
372 819 508 884 consilio
523 820 659 904 probato
682 818 804 884 addunt
824 820 864 885 ad
886 822 1097 904 superiorest

98 906 239 970 totidem
268 923 368 969 naves
389 903 537 967 triremes
559 924 680 987 suaque
702 904 826 988 omnia,
850 925 930 988 quae
945 907 1068 971 moveri

99 991 269 1072 poterant,
291 987 410 1071 partim
426 985 604 1070 Salamina,
632 987 750 1071 partim
771 987 935 1054 Troezena
956 989 1068 1075 depor-

85 1073 189 1137 tent:
217 1092 323 1136 arcem
349 1070 567 1136 sacerdotibus
594 1071 766 1155 paucisque
787 1073 962 1137 maioribus
988 1077 1068 1138 natu

66 1225 74 1238 ‚
100 1157 151 1304 ᾗ
164 1177 256 1220 sacra
275 1150 477 1241 procuranda
496 1155 643 1239 tradunt,
665 1155 824 1240 reliquum
846 1156 999 1240 oppidum
1020 1177 1068 1221 re·

116 1241 124 1254 '
173 1243 268 1304 uunt.
397 1241 400 1246 ’
1062 1267 1064 1270 ·

42 1344 46 1352 ·
152 1261 175 1323 q
190 1323 297 1387 Huius
318 1323 485 1388 consilium
499 1323 661 1407 plerisque
682 1324 864 1387 civitatibus
880 1323 1067 1407 displicebat
1083 1325 1105 1390 3

101 1412 136 1473 et
163 1408 199 1472 in
225 1409 311 1486 terra
338 1407 482 1472 dimicari
512 1408 615 1492 magis
664 1407 798 1472 lacebat.
844 1407 952 1490 itaque
979 1407 1069 1472 missi

101 1495 181 1556 sunt
202 1490 317 1556 delecti
344 1510 414 1560 cum
443 1490 602 1574 Leonida,
658 1491 956 1556 aeedaemoniorum
982 1511 1068 1576 rege,

102 1577 161 1659 qui
193 1574 424 1659 Thermopylas
463 1579 657 1658 occuparent
691 1575 884 1660 longiusque
916 1577 1069 1641 barbaros

101 1659 258 1744 progredi
280 1680 349 1724 non
362 1663 558 1743 paterentur.
597 1659 622 1722 ii
643 1658 709 1722 aim
730 1658 873 1724 hostium
886 1681 954 1725 non
975 1662 1068 1724 susti-

1 1759 2 1804 ἢ
100 1747 245 1808 nuenmt
273 1765 311 1808 co
334 1763 374 1807 ue
400 1743 473 1808 loco
501 1763 613 1808 omnes
638 1743 839 1808 interierunt.
891 1746 926 1807 at
957 1743 1097 1807 elassise

307 1765 458 1893 graeciae
472 1830 687 1892 trecentarum
708 1828 849 1907 navium,
870 1827 906 1889 in
928 1847 993 1909 qua
1013 1825 1068 1891 du·

101 1915 216 1976 centae
232 1915 325 1976 erant
334 1911 593 1994 Atheniensium,
607 1911 746 1994 primurn
761 1909 846 1993 apud
860 1909 1068 1974 Artemisium

1 1999 2 2024 ²
100 1997 193 2060 inter
203 1995 369 2061 Euboeam
384 1997 666 2079 continentemque
680 1998 799 2059 terram
812 2013 885 2057 cum
899 1992 1069 2058 classiariis

1 2095 3 2132 ὲ
100 2079 206 2164 regiis
220 2080 371 2145 conflixit.
408 2080 573 2166 angustias
594 2080 680 2144 enim
694 2077 923 2143 Themistocles
938 2097 1067 2160 quaere-

99 2165 169 2248 bat,
180 2184 223 2228 ne
236 2163 443 2229 multitudine
459 2164 688 2228 circumiretur.
716 2163 770 2226 bic
784 2163 845 2227 etsi
857 2161 928 2244 pari
942 2161 1066 2259 proelio
1081 2174 1098 2224 e
1211 2123 1218 2130 l

1 2279 2 2294 2
101 2247 332 2332 discesserant,
355 2252 465 2313 tamen
486 2246 598 2313 eodem
617 2247 689 2312 loco
716 2267 784 2311 non
805 2250 882 2310 sunt
908 2267 978 2311 ausr
1003 2268 1069 2310 ma·
1131 2278 1133 2282 ·

1 2383 2 2414 ,
100 2353 195 2414 nere,
225 2331 313 2417 quod
334 2336 404 2396 erat
424 2332 617 2416 periculum,
642 2352 698 2413 ne,
721 2330 749 2394 si
769 2351 843 2413 pars
864 2330 995 2394 navium
1017 2330 1069 2393 ed·

1 2423 2 2458 ³
102 2417 322 2484 versariorum
336 2415 502 2481 Euboeam
524 2417 713 2498 superasset,
735 2413 868 2496 ancipiti
888 2434 1069 2510 premeren-

42 2541 45 2546 ·
101 2504 159 2564 tur
178 2500 334 2584 periculo.
371 2517 435 2584 quo
457 2499 579 2564 iachim
593 2501 642 2562 est
662 2500 700 2561 ut
719 2496 760 2560 ab
774 2497 948 2560 Artemisio
970 2496 1099 2563 disee-r

1 2610 2 2650 1
103 2582 219 2648 derent
246 2589 280 2649 et
301 2583 508 2649 exadversum
529 2581 675 2647 Athenas
702 2580 787 2664 apud
809 2578 971 2645 Salamina
991 2581 1069 2647 clas-

19 2718 22 2726 .
103 2688 174 2732 sem
196 2689 284 2732 suam
310 2669 550 2732 constituerent.

190 2754 238 2816 At
257 2751 379 2816 Xerxes
393 2749 532 2816 Thermo
556 2749 617 2834 ylis
639 2749 829 2833 expugnatis
849 2750 997 2832 protinus
1018 2752 1105 2813 aed
1210 2738 1213 2744 ’

1 2797 2 2866 }
103 2835 203 2900 oessit
217 2839 288 2900 astu
303 2835 399 2919 idque
412 2836 511 2900 nullis
543 2833 766 2899 efendentibus
780 2833 957 2897 interfectis
968 2851 1068 2896 sacer·

103 2918 251 3002 dotibus,
280 2940 360 3003 quos
386 2919 423 2984 in
449 2939 521 2983 aroc
548 2920 730 2999 invenerat,
760 2916 909 2981 incendio
941 2914 1067 2980 delevit

1 3034 2 3045 κ
103 3003 197 3068 cuius
225 3003 355 3067 flamma
383 3002 544 3088 perterriti
572 3001 726 3066 classiarii
753 3021 826 3064 cum
850 3019 979 3063 manere
1000 3014 1098 3064 nona

104 3087 263 3152 auderent
279 3091 311 3151 et
325 3087 456 3170 plurimi
473 3087 689 3168 hortarentur,
708 3089 746 3148 ut
758 3083 869 3147 domos
884 3104 957 3148 suas
972 3083 1069 3148 disce-

104 3173 221 3236 derent
251 3172 484 3255 moenibusque
516 3191 550 3234 sc
582 3168 806 3250 defenderent,
839 3165 1069 3233 Themistocles

1 3258 2 3266 ’
103 3277 190 3322 unus
217 3255 339 3329 restitit
366 3260 398 3320 et
424 3255 591 3319 universos
617 3273 710 3337 pares
738 3272 806 3317 esse
832 3273 926 3335 posse
955 3252 1069 3334 aiebat,

104 3341 268 3425 dispersos
289 3341 467 3437 testabatur
486 3338 655 3435 perituros,
677 3334 782 3434 idque
794 3334 979 3434 Eurybiadi,
1001 3336 1069 3482 reqi

104 3424 444 3506 Lacedaemomorum,
462 3443 518 3505 qur
532 3425 601 3486 tum
617 3441 758 3486 summae
772 3441 899 3504 rmperrr
913 3441 1045 3503 praeera

105 3510 175 3575 iore
197 3507 391 3589 affirmabat.
428 3505 530 3592 quem
545 3527 617 3570 curn
639 3506 745 3570 minus
768 3525 863 3588 quarn
884 3503 982 3567 vellet
1002 3515 1099 3566 nro-s
