2456 3884
413 235 496 284 xxv.
533 235 689 284 urricus.
711 231 787 282 a—e.
1019 221 1078 285 101

114 368 346 434 detrimentum
373 367 505 514 aliquod
531 355 670 434 adferret
696 371 756 468 rei,
771 370 936 454 familiari,
970 371 1082 468 eodem
1185 461 1193 474 ¹

113 473 272 634 lilith
288 454 1083 634 {stertituttttltlttuttt

114 641 225 685 srmus.
274 641 352 684 nam
381 624 509 703 praeter
544 625 695 706 graham,
728 643 810 718 quae
841 623 906 687 iarn
939 623 974 686 in
1006 622 1111 686 adu-4

114 704 293 769 lescentulo
320 723 439 788 magna
466 707 549 786 erat,
576 726 682 789 saepe.
697 727 762 803 sure
794 707 909 789 opibus
938 707 1082 789 inopiam

115 809 228 852 eorum
249 788 413 871 publicam
434 787 563 852 levarit.
599 810 673 853 cum
694 811 781 854 ennn
795 811 959 854 versuram
976 790 1082 855 facere
1106 836 1109 844 -

139 872 245 937 ubliee
259 893 389 937 necesse
404 877 487 937 esset
501 893 605 955 neque
619 873 688 938 eius
703 872 925 939 condicionem
947 895 1082 957 aequam

114 893 283 1039 haberent,
304 977 430 1040 semper
451 977 486 1020 se
506 956 708 1040 interposuit,
731 962 827 1042 atque
849 959 904 1042 ita,
926 961 964 1022 ut
976 980 1082 1042 neque

116 1062 248 1104 usuram
279 1061 432 1124 umquam
465 1041 580 1105 abiis
613 1043 771 1124 acceperit
803 1063 907 1126 neque
940 1043 1080 1128 longius,

117 1145 214 1208 quarn
236 1123 358 1189 dictum
380 1128 472 1207 esset,
494 1123 608 1189 debere
629 1147 741 1210 passus
763 1126 814 1191 sit.
852 1128 939 1210 quod
959 1132 1111 1191 utrum-5

118 1229 181 1292 que
209 1212 277 1272 erat
304 1209 345 1274 iis
366 1208 520 1285 salutare:
552 1231 628 1273 nam
649 1230 753 1292 neque
775 1210 971 1294 indulgendo
994 1212 1081 1274 inve·

118 1297 273 1356 terascere
296 1314 407 1358 eorum
428 1314 482 1357 aes
503 1292 644 1358 alienum
657 1294 839 1378 patiebatur
853 1314 957 1376 neque
975 1294 1082 1358 multi-

117 1376 274 1460 plicandis
301 1377 414 1456 usuris,
440 1398 588 1442 crescere.
637 1379 727 1443 auxit
757 1376 820 1443 ho'c
847 1377 989 1442 officium
1016 1377 1110 1441 aliae

118 1481 246 1610 qqoqqe
260 1461 470 1630 libgeurlailitatsr
489 1462 923 1612 namdhuntirviteirsosdgrrunqente
939 1461 1080 1560 donavit,

117 1566 129 1608 r
185 1567 207 1609 u
244 1566 295 1609 sm
365 1567 546 1610 ssenrmo
684 1568 714 1612 cr
798 1568 907 1612 enur:
957 1567 1079 1612 urme-

117 1628 178 1693 dus
199 1650 365 1694 mensurae
386 1629 566 1695 medimnus
588 1631 726 1696 Athenis
747 1568 956 1716 appellatur.q

201 1712 265 1778 Hic
285 1718 393 1778 autern
414 1713 461 1778 sic
482 1735 515 1778 se
537 1716 678 1799 gerebat,
700 1718 737 1779 ut
750 1716 929 1779 communis
950 1713 1117 1797 infimis,3

117 1819 176 1882 par
196 1797 396 1882 principibus
417 1797 587 1864 rideretur.
631 1819 695 1882 quo
722 1798 845 1862 factum
872 1802 921 1862 est
948 1802 985 1862 ut
1005 1797 1081 1862 huic

119 1903 231 1952 ornnes
244 1883 394 1966 honores,
410 1903 491 1966 quos
504 1887 646 1967 possent,
658 1882 784 1966 publice
799 1882 955 1946 haberent
966 1881 1081 1946 civem·

118 1988 181 2050 que
202 1967 307 2032 faeere
334 1966 513 2032 studerent:
542 1989 605 2051 quo
634 1967 789 2032 beneficio
818 1967 872 2032 ille
901 1967 949 2030 uti
976 1964 1082 2030 noluit
1205 1969 1212 1984 ⁰

118 2050 219 2198 qqpod
245 2050 394 2116 nonnulli
421 2052 467 2116 ita
493 2052 759 2134 interpretantur,
791 2050 897 2115 amitti
918 2049 1081 2113 civitatem

61 2193 74 2201 ,
170 2156 299 2199 menam
319 2135 383 2199 elia
403 2134 524 2222 ascite].
561 2135 713 2218 quamdiu
734 2133 846 2214 adfuit,
870 2155 912 2199 ne
934 2155 998 2217 qua
1019 2132 1111 2196 sibia

118 2223 224 2284 statue
244 2223 428 2303 poneretur,
450 2219 582 2302 restitit,
607 2220 723 2284 absens
744 2218 914 2304 prohibere
935 2238 1004 2283 non
1025 2237 1081 2302 po·

118 2303 190 2367 tuit.
224 2303 332 2387 itaque
354 2303 479 2387 aliquot
492 2303 555 2400 ipsi
570 2307 603 2368 ct
616 2302 749 2368 Phidiae
771 2303 850 2369 locis
872 2300 1081 2366 sanctissimis

117 2391 309 2470 posuerunt:
348 2388 436 2451 hunc
468 2408 553 2451 ennn
585 2388 621 2450 in
653 2388 742 2451 omni
776 2385 1002 2470 procuratione
1034 2385 1082 2447 rei

117 2471 265 2555 publicae
287 2475 428 2536 actorem
449 2475 674 2554 auctoremque
688 2470 860 2534 habebant
896 2468 997 2552 igitur
1017 2468 1112 2550 pri-a

118 2574 207 2619 mum
228 2555 310 2619 illud
330 2577 447 2620 munus
468 2555 632 2636 fortunae,
655 2553 741 2650 quod
762 2553 797 2618 in
818 2574 856 2617 ea
878 2551 1082 2649 potissimum

118 2640 196 2704 urbe
224 2643 320 2704 natus
346 2642 409 2723 est,
437 2639 473 2704 in
501 2661 565 2722 qua
592 2637 789 2702 domicilium
816 2636 903 2701 orbis
925 2640 1092 2701 terrarum

118 2727 203 2787 esset
223 2723 365 2806 imperii,
392 2726 430 2786 ut
450 2722 583 2788 eandem
608 2728 641 2787 et
662 2722 800 2805 patriam
820 2721 954 2786 haberet
975 2723 1008 2783 et
1029 2718 1083 2782 do-

118 2828 224 2869 mum:
247 2806 309 2869 hee
329 2807 490 2890 specimen
511 2806 715 2890 prudentiae,
738 2804 839 2890 quod,
861 2825 933 2868 eum
955 2804 991 2865 in
1012 2822 1083 2865 eam

118 2911 153 2953 se
176 2889 338 2954 civitatem
364 2890 567 2972 contulisset,
599 2911 680 2973 quae
702 2889 908 2972 antiquitate,
934 2884 1083 2982 humani-

118 2976 186 3070 tate
219 2973 427 3070 doctrinaque
465 2977 642 3058 praestaret
673 2994 799 3054 omnes,
835 2990 919 3034 unus
952 2989 983 3032 e1
1020 2967 1084 3032 furt

118 3077 309 3122 canssrmus.

1 3198 2 3218 ξ
202 3139 275 3204 Huc
290 3161 329 3205 ex
344 3141 424 3206 Asia
437 3139 527 3207 Sulla
541 3140 695 3206 decedens
712 3159 786 3204 cum
801 3137 950 3219 venisset,
972 3157 1081 3221 quarn·
1097 3136 1119 3200 4

119 3220 173 3286 diu
194 3222 240 3287 ibi
262 3224 334 3307 fuit,
358 3245 466 3289 secum
485 3224 599 3288 habuit
619 3222 850 3318 Pomponium,
874 3225 985 3304 captus
1006 3220 1082 3285 edu·

119 3304 267 3372 lescentis
289 3311 323 3372 et
343 3307 543 3372 humanitate
560 3310 594 3370 et
607 3306 762 3370 doctrine.
798 3305 845 3369 sie
860 3305 946 3370 enim
960 3304 1081 3368 Graece

119 3388 320 3473 loquebatur,
342 3395 380 3455 ut
394 3390 532 3456 Athenis
553 3393 648 3455 natus
669 3388 846 3454 videretur:
868 3392 960 3452 tenta
973 3389 1080 3450 autem

123 3474 264 3540 suavitas
291 3476 362 3540 erat
387 3473 543 3540 sermonis
570 3473 694 3556 Latini,
722 3475 761 3536 ut
787 3473 955 3556 appareret
980 3469 1016 3532 in
1041 3489 1080 3533 ee
