2456 3884
165 227 207 290 68
443 241 530 289 xvu.
559 237 759 286 sensurus.
781 233 805 284 s.
827 231 851 283 s.

138 376 253 440 alueo
282 379 388 439 autem
415 395 487 437 oum
514 373 636 436 videret
661 372 771 435 hostes
796 371 941 452 equitatu
968 391 1133 453 superare,
1222 427 1224 442 ,

166 481 343 543 numquam
369 458 404 522 in
430 478 543 540 eampo
572 457 623 520 sui
643 455 721 519 feeit
742 457 934 537 potestatem
961 457 995 517 et
1022 454 1064 518 iis
1086 454 1133 518 lo-

168 545 213 608 eis
235 564 364 608 manum
393 541 569 622 conseruit,
598 539 713 623 quibus
734 538 807 621 plus
828 539 990 621 pedestres
1018 538 1134 620 eopiae
1222 555 1224 598 ι

167 628 320 692 valerent.
363 624 488 709 pepulit
507 645 597 708 ergo,
626 623 913 706 quotienscumque
939 642 1134 706 congressus
1222 627 1224 652 ÷

167 716 231 793 est,
257 709 360 774 multo
381 709 518 774 maiores
546 707 801 771 adversariorum
821 706 931 789 copias
958 708 992 769 et
1018 705 1080 802 sie·
1098 707 1135 768 in
1222 707 1224 762 Ξ

167 795 246 859 Asia
272 796 415 858 versatus
443 795 506 874 est,
534 795 572 855 ut
601 791 745 855 omnium
772 790 924 873 opinione
949 790 1055 854 vietor
1076 789 1134 853 du·
1222 843 1224 852 ι

167 883 300 943 seretur.

1221 859 1224 948 l

131 963 154 1026 4
250 961 313 1025 Hie
341 981 413 1024 eum
442 961 507 1024 iam
539 958 647 1024 animo
675 957 883 1022 meditaretur
909 957 1070 1041 proficisci
1097 958 1134 1022 in

167 1045 280 1109 Persas
308 1047 341 1108 et
368 1045 475 1127 ipsum
503 1063 612 1127 regem
644 1041 762 1106 adoriri
769 1091 778 1124 ,
805 1041 939 1106 nuntius
973 1041 1004 1106 ei
1033 1041 1132 1106 domo
1223 1041 1224 1100 ]

168 1129 258 1227 venit
272 1128 466 1276 epihororum
479 1127 588 1209 missu,
610 1125 729 1190 bellum
743 1125 959 1190 Athenienses
981 1129 1014 1189 et
1025 1124 1131 1190 Boeo-

168 1217 219 1278 tos
247 1235 283 1276 ιιι

138 1299 262 1362 staret
312 1297 347 1360 in
374 1295 437 1360 hoe
468 1315 536 1359 non
562 1295 669 1358 minus
700 1295 767 1358 eius
793 1293 896 1377 pietas
929 1293 1134 1377 suspicienda

169 1384 219 1445 est
240 1403 336 1463 quam
357 1380 459 1443 virtus
480 1378 611 1443 bellica:
648 1377 703 1461 qui
731 1398 804 1442 eum
830 1377 946 1442 viatori
969 1381 1134 1460 praeesset

169 1463 323 1528 exercitui
343 1463 578 1545 maximamque
604 1462 737 1525 haberet
762 1460 911 1526 fiduciam
939 1461 1032 1546 segni
1057 1461 1134 1524 Per-

169 1567 275 1642 sarum
302 1545 466 1692 potiundi,
493 1548 585 1641 tanta
611 1544 769 1609 modestia
795 1544 880 1643 dioto
899 1545 1042 1642 'audiens
1069 1545 1136 1609 fuit

169 1650 263 1693 russis
284 1651 305 1692 a
326 1632 465 1692 sentum
478 1630 735 1712 magistratuum,
757 1631 794 1693 ut
813 1651 841 1693 s1
857 1632 1002 1712 prrvatus
1023 1651 1060 1692 ιιι
1083 1651 1135 1695 oo-

316 1212 399 1276 xisse
420 1209 694 1276 Laoedsemoniis:
724 1231 821 1293 quare
842 1210 953 1274 venire
975 1229 1016 1272 ne
1037 1209 1131 1272 ‹lubi-
1223 1249 1224 1252 =

169 1713 262 1778 mitio
291 1715 373 1778 esset
400 1709 543 1795 Spartae.
593 1712 684 1776 ouius
711 1713 892 1796 exemplum
917 1713 1043 1778 utinam
1074 1714 1134 1777 im·
1223 1793 1224 1796 Ἴ

140 1812 156 1860 ιι
172 1801 334 1883 peratores
349 1795 453 1862 nostri
467 1797 557 1880 sequi
571 1795 762 1861 voluissent!
794 1795 850 1860 sed
864 1796 940 1861 illue
954 1798 1131 1862 redeamus.

168 1882 338 1979 Agesilaus
375 1881 617 1964 opulentissimo
652 1901 753 1964 regno
792 1882 978 1964 praeposuit
1012 1883 1135 1946 bonam

170 1965 440 2031 existimationem
461 1965 627 2048 multoque
649 1965 821 2049 gloriosius
848 1963 954 2048 duxit,
986 1965 1015 2028 si
1040 1965 1134 2029 insti-

169 2051 247 2114 tutis
279 2049 402 2133 patriae
434 2049 606 2131 paruisset,
641 2069 737 2130 quam
770 2049 798 2112 si
833 2048 919 2114 bello
951 2052 1135 2132 superasset

140 2146 157 2194 4
171 2135 291 2197 Asiam.
316 2134 378 2197 hae
391 2133 492 2217 igitur
504 2136 611 2196 mente
623 2131 870 2214 Hellespontum
883 2133 990 2216 eopias
1004 2133 1136 2196 traiecit

169 2220 322 2299 tantaque
350 2237 426 2281 usus
453 2218 502 2278 est
523 2215 700 2298 eeleritate,
728 2219 779 2299 ut,
808 2216 896 2298 quod
922 2217 981 2280 iter
1005 2214 1134 2280 Xerxes

170 2321 255 2365 anno
278 2303 422 2364 vertente
444 2299 634 2381 eonfeoerat,
656 2297 710 2362 hio
731 2299 895 2363 transierit
910 2301 1044 2385 triginta
1066 2299 1133 2363 die-

140 2385 240 2449 tbus.
294 2405 368 2448 eum
395 2385 461 2448 ianr
481 2382 568 2447 haud
589 2383 636 2447 ita
656 2382 753 2467 longe
781 2385 906 2448 abesset
932 2383 1136 2467 aPelopon·

170 2490 258 2550 nese,
281 2467 435 2533 obsistere
457 2467 487 2532 ei
501 2468 609 2532 eonati
630 2471 706 2532 sunt
724 2467 939 2532 Athenienses
961 2471 993 2531 et
1013 2467 1134 2532 Boeoti

171 2551 331 2633 ceterique
353 2572 463 2615 eorum
490 2552 570 2616 soeii
591 2551 676 2648 apud
697 2550 890 2617 Coroneam:
916 2572 997 2634 quos
1020 2573 1134 2616 omnes

141 2633 262 2718 ogruvi
283 2634 407 2714 proelio
429 2634 515 2698 vieit
559 2633 654 2698 hurus
669 2635 821 2699 victoriae
842 2634 894 2698 rel
908 2635 1049 2699 maxima
1069 2635 1137 2699 fuit

169 2719 253 2800 laus,
281 2714 382 2798 quod,
410 2736 483 2778 eum
509 2717 654 2800 plerique
681 2739 721 2781 ex
746 2718 825 2802 fuga
851 2739 884 2783 ae
912 2719 947 2782 in
975 2720 1136 2802 templum

170 2802 334 2867 Minervae
349 2797 561 2863 eonieoissent
575 2804 843 2884 quaerereturque
865 2802 905 2866 ab
921 2823 968 2884 eo,
992 2801 1071 2886 quid
1093 2804 1136 2866 iis
1223 2865 1224 2878 ,

170 2889 268 2952 vellet
288 2884 367 2970 fieri,
389 2882 450 2947 etsi
472 2883 597 2966 aliquot
617 2885 751 2949 vulnera
767 2889 933 2969 aooeperat
954 2907 992 2950 eo
1006 2887 1135 2969 proelio
1223 2885 1224 2960 J

170 2975 204 3034 et
223 2973 323 3035 iratus
338 2967 678 3051 ridebaturomnibus‚
700 2969 756 3050 qui
770 2968 927 3034 adversus
949 2970 1136 3034 armatule-
1222 2997 1224 3052 ι

171 3058 258 3134 rant,
287 3057 395 3118 tamen
422 3051 573 3117 antetulit
599 3051 665 3115 irae
686 3052 877 3136 religionem
898 3057 932 3117 et
952 3073 1006 3118 eos
1028 3055 1138 3118 vetuit
1223 3055 1224 3128 g

141 3135 295 3198 rvioleri.
339 3157 443 3221 neque
464 3156 541 3200 vero
563 3137 625 3199 hoo
647 3135 751 3200 solum
771 3136 807 3200 in
829 3137 964 3201 Graecia
983 3137 1070 3218 feeit,
1098 3142 1138 3202 ut
1221 3131 1224 3204 l

170 3219 291 3302 templa
306 3220 438 3284 deorum
459 3222 570 3284 saneta
590 3219 738 3302 haberet,
761 3221 816 3284 sed
838 3221 934 3286 etiam
956 3220 1042 3305 apud
1062 3223 1137 3286 bar-

172 3304 266 3367 baros
299 3322 422 3366 summa
458 3303 614 3388 religione
652 3303 761 3369 omnia
792 3305 962 3369 simulaera
999 3325 1137 3390 arasque

141 3385 382 3453 soonservavit.
419 3386 527 3470 itaque
548 3386 753 3470 praedicabat
766 3388 876 3452 mirari
890 3410 934 3472 se,
955 3409 1023 3453 non
1039 3391 1137 3454 saeri-

171 3473 317 3558 legorum
348 3489 482 3534 numero
517 3469 644 3554 haberi,
683 3472 737 3554 qui
771 3472 967 3555 supplieibus
1001 3473 1136 3541 deorum
