2456 3884
161 281 202 346 ‘16
440 293 539 342 xv111.
579 292 751 341 nonanes.
773 290 842 340 aa

162 434 260 513 retur,
282 451 379 512 quam
399 429 455 494 alii
468 428 691 512 Maoedonum,
713 450 849 513 quorum
870 429 917 493 ibi
933 433 1005 494 erat
1017 431 1137 495 multi-

133 514 258 598 atudo,
284 515 320 578 in
345 513 512 598 principiis
533 513 708 579 Alexandri
729 514 859 578 nomine
880 514 1135 578 tabernaculum

163 599 276 664 statuit
296 597 332 661 in
346 617 448 680 eoque
462 597 574 662 sellam
587 619 717 662 auream
730 617 803 661 oum
818 599 942 680 seeptro
964 619 1004 662 aa
1021 597 1136 662 diade-

162 687 247 746 mate
267 681 361 745 iussit
381 682 461 764 poni
482 701 584 764 eoque
606 701 716 745 omnes
738 680 854 745 cotidie
876 682 1051 746 convenire
1094 688 1136 745 ut

162 764 268 830 ibide
300 765 432 829 summis
463 765 559 829 rebus
589 765 724 829 oonsilia
755 768 959 861 caperentur,
992 731 1134 862 eredens

162 848 1133 998 fflltrszdllnflltslsltlettlfflffiffi

134 1015 391 1185 ³2:5⁰3le
410 1015 756 1183 efflent}
773 1015 1131 1164 intestinas

164 1188 298 1268 raretm,
320 1183 460 1267 quodam
480 1183 581 1280 modo·
597 1183 726 1265 latebat,
749 1203 822 1247 aum
842 1186 952 1247 tamen
972 1205 1026 1266 per
1045 1205 1128 1248 eum

129 1271 665 1448 dunumlligeeiirreffiefflum
686 1352 853 1435 Antigono
875 1351 1034 1434 conflixit,
1056 1372 1129 1416 non

164 1437 232 1500 soie
245 1439 411 1531 manent
433 1435 489 1499 sed
509 1436 545 1499 in
558 1435 683 1517 itinere,
706 1455 841 1518 eumque
861 1435 945 1499 male
960 1439 1130 1532 aoeeptum

164 1520 200 1582 in
214 1517 354 1582 Mediam
375 1519 551 1582 hiematum
573 1518 681 1602 coegit
700 1517 813 1582 redire.
848 1519 918 1615 ipse
932 1521 968 1582 in
987 1519 1132 1584 fimtima

163 1623 198 1666 re
224 1602 296 1666 'one
326 1601 465 1665 Persidis
497 1601 673 1666 hiematum
696 1602 809 1685 oopias
841 1602 964 1686 mulsit,
990 1625 1059 1668 non
1091 1609 1131 1669 ut

134 1701 207 1751 aro
220 1685 270 1750 uit
310 1685 366 1750 sed
392 1689 430 1750 ut
455 1685 594 1750 militum
623 1689 759 1770 cogebat
785 1686 943 1752 voluntas.
986 1708 1129 1770 namque

163 1770 221 1835 illa
247 1733 390 1853 piialanx
420 1770 596 1835 Alexandri
627 1770 754 1856 Magni,
784 1791 865 1854 quae
896 1772 1009 1836 Asiam
1036 1792 1128 1854 pera-

165 1857 275 1940 grarat
288 1855 509 1938 deviceratque
522 1855 645 1938 Persas,
662 1856 840 1919 inveterata
854 1875 927 1920 oum
960 1855 1043 1920 loria
1055 1860 1128 1920 nnn

115 1981 119 1990 ,
164 1940 262 2002 etiam
282 1938 422 2021 lieentia,
442 1959 511 2003 non
530 1961 642 2022 parere
663 1959 696 2003 se
719 1938 864 2022 ducibus,
891 1960 926 2003 se
968 1939 1130 2023 imperare
1225 1951 1227 1980 ³

165 2021 364 2105 postulabat,
386 2027 424 2087 ut
442 2043 530 2086 nuno
551 2022 695 2088 veterani
717 2023 841 2088 faciunt
860 2024 973 2088 nostri.
1016 2024 1127 2108 itaque

164 2105 343 2187 perieulum
365 2109 414 2169 est
433 2126 475 2168 ne
496 2106 625 2188 faciant,
648 2107 733 2190 quod
754 2106 803 2170 illi
823 2106 976 2188 feserunt,
998 2129 1057 2170 sua
1077 2109 1129 2171 in·
1155 2113 1160 2117 ’

165 2187 378 2269 temperantia
397 2188 560 2270 nimiaque
582 2189 711 2252 lieentia
731 2192 769 2253 ut
790 2192 899 2256 omnia
919 2191 1050 2274 perdant
1065 2212 1127 2254 ne·

165 2290 227 2352 que
248 2268 354 2332 minus
376 2290 440 2353 eos,
462 2291 535 2334 oum
549 2271 665 2355 quibus
680 2274 835 2356 steterint,
858 2295 954 2356 quam
972 2272 1129 2338 adversus
1225 2281 1226 2344 3

137 2367 249 2438 equos
263 2353 406 2418 fecerint.
443 2354 557 2438 quodsi
571 2355 643 2438 quis
657 2354 787 2421 illorum
801 2361 1025 2423 veteranorum
1036 2357 1132 2443 legat

166 2439 261 2522 faeta,
283 2439 373 2522 paria
393 2440 509 2503 horum
531 2444 704 2537 cognoseat
724 2460 828 2526 neque
848 2463 917 2505 rem
942 2442 1042 2506 ullam
1063 2443 1131 2506 nisi
1224 2451 1226 2466 ³

164 2527 291 2604 tempus
330 2523 484 2588 interesse
520 2521 647 2588 iudicet.
701 2525 757 2588 sed
788 2524 828 2589 ad
865 2525 940 2589 illos
974 2531 1129 2592 revertar.
1224 2559 1225 2562 ¹

166 2605 302 2668 hiberna
323 2610 525 2688 sumpserant
544 2628 614 2671 non
627 2608 667 2670 ad
681 2629 775 2672 usum
795 2607 881 2692 belli,
904 2610 960 2674 sed
981 2609 1022 2673 sd
1043 2611 1133 2693 ipso·
1223 2663 1225 2670 Α

137 2702 238 2751 erum
259 2686 434 2771 luxuriam,
462 2689 621 2773 longeque
642 2692 727 2755 inter
748 2713 781 2755 se
803 2691 1021 2758 discesserant.
1066 2693 1132 2758 hoo

166 2771 353 2857 Antigonus
375 2792 447 2836 cum
462 2774 669 2855 comperisset
684 2775 946 2860 intellegeretque
968 2799 1002 2841 se
1017 2799 1132 2860 parem
1222 2793 1224 2852 j

165 2880 234 2924 non
249 2878 316 2922 esse
337 2856 457 2939 paratis
478 2855 676 2941 adversariis,
698 2859 811 2923 statuit
826 2859 948 2944 aliquid
969 2861 1031 2926 sibi
1054 2882 1132 2926 oon·
1222 2865 1224 2928 l

167 2943 231 3005 silii
253 2941 330 3007 novi
353 2961 420 3004 esse
442 2939 642 3036 sapiendum.
685 2941 765 3007 duae
787 2947 880 3007 erant
900 2945 979 3028 viae,
1003 2967 1068 3028 qua
1090 2967 1132 3009 ex
1222 2945 1224 3030 j

167 3023 279 3106 Medis,
305 3025 361 3088 ubi
382 3023 437 3088 ille
458 3024 630 3108 hmmabat,
650 3023 691 3089 ad
706 3025 959 3092 adversariorum
979 3028 1131 3094 hiberna-
1222 3101 1223 3104 Ἴ

137 3105 239 3168 soula
259 3111 369 3188 posset
389 3107 558 3192 perveniri.
601 3129 736 3191 quarum
756 3110 885 3175 brevior
905 3133 964 3195 per
983 3113 1056 3177 loea
1076 3113 1131 3177 de

166 3191 260 3270 serta,
282 3210 364 3272 quae
390 3211 486 3256 nemo
508 3190 670 3256 indolebat
690 3196 822 3275 propter
848 3215 950 3278 aquae
974 3196 1130 3280 inopiam,
1221 3253 1222 3260 ,

166 3275 307 3336 osterum
334 3273 457 3338 dierum
484 3278 552 3340 erat
578 3273 645 3340 fere
673 3274 797 3340 desem:
828 3276 887 3342 illa
914 3283 1036 3363 eutem,
1087 3303 1132 3344 ua
1221 3277 1222 3330 ἶ

166 3375 276 3421 omnes
299 3357 529 3441 commeabant,
551 3358 652 3424 altero
674 3362 766 3423 tanto
788 3360 969 3445 longiorem
988 3302 1133 3428 habeiiat
1220 3357 1222 3436 J

166 3439 356 3520 anfractum,
378 3438 433 3501 sed
448 3445 517 3504 erat
530 3444 660 3524 eopiosa
674 3443 882 3527 omniumque
900 3465 1008 3510 rerum
1030 3447 1131 3512 abun·
1220 3447 1222 3504 ἶ

137 3521 255 3587 edane.
299 3521 359 3586 hae
381 3521 409 3585 si
430 3522 698 3608 proficisceretur,
724 3527 933 3613 intellegebat
959 3531 1048 3613 prius
1076 3531 1131 3595 ad·
