2456 3884
156 241 196 304 10
412 252 449 301 11.
479 248 753 327 rnnnrsroonns.
774 245 850 298 4-0.

154 393 253 473 reret,
274 385 433 483 noetuudue
448 385 627 482 servisbsuis
646 405 741 482 quem
761 383 876 480 hahuit
895 383 1120 481 fidelissimum

125 468 979 702 ⁴{intigfflitffisititiaiihiuisiiliij
996 467 1119 618 tutu

157 663 230 706 oum
255 640 365 705 labore
399 641 432 704 et
478 637 691 722 onginquiore
719 640 864 719 tempore
890 637 1011 701 bellum
1042 657 1119 702 eon-

155 725 329 806 fecmM,
362 743 436 787 oum
456 721 601 805 singulos
626 720 805 785 consectari
826 723 1007 805 cogeretur:
1036 743 1119 804 quos

156 810 184 873 si
205 807 315 873 statim
330 806 564 891 aggrederetur,
586 804 677 868 brevi
691 804 859 870 universos
880 825 1118 888 oppressurum.

155 894 218 957 hoo
241 913 278 956 eo
300 891 437 973 valebat,
459 893 497 954 ut
511 889 658 972 ingratiis
680 887 721 952 ad
735 889 984 973 depugnandum
1006 910 1118 954 ornnes

126 977 357 1061 congerentur.
401 974 517 1038 haere
539 971 648 1037 audita
669 971 831 1056 barbarus,
853 972 936 1037 nihil
957 973 1023 1037 doli
1044 975 1119 1038 sub-

158 1081 226 1125 esse
247 1059 388 1141 credens,
410 1055 564 1141 postridie
591 1056 787 1122 alienissimo
809 1056 871 1121 sibi
891 1057 976 1139 loco,
1004 1061 1119 1122 contra

157 1142 429 1228 opportunissimo
445 1141 591 1206 hostibus
612 1139 692 1206 adeo
708 1141 846 1224 angusto
867 1141 948 1205 mari
962 1141 1117 1224 conflixit,

157 1232 194 1293 ut
221 1229 290 1292 eius
316 1225 488 1290 multitudo
520 1224 653 1288 navium
683 1224 835 1307 explicari
866 1245 933 1288 non
965 1227 1116 1307 potuerit.
1143 1223 1150 1238 “
1225 1257 1227 1290 z

157 1313 260 1376 victus
275 1332 352 1395 ergo
364 1314 413 1375 est
426 1309 528 1394 magis
541 1308 638 1373 etiam
652 1308 787 1373 consilio
803 1307 1010 1372 Themistocli
1021 1330 1119 1393 quam
1225 1383 1226 1398 ἶ

158 1396 254 1460 armis
277 1395 438 1460 Graeciae.
1225 1429 1226 1436 κ

22 1529 25 1536 .
120 1481 142 1545 5
242 1477 306 1542 Hic
327 1477 387 1541 etsi
407 1477 490 1540 male
511 1497 579 1541 rem
601 1480 750 1562 gesserat,
772 1477 1000 1540 tamen-tantas
1020 1475 1117 1540 habe·
1226 1533 1227 1544 ,

156 1561 214 1625 bat
233 1561 384 1644 reliquias
406 1561 586 1657 copiarum,
609 1565 646 1626 ut
667 1561 764 1624 etiam
784 1563 854 1624 tum
875 1559 915 1624 iis
937 1560 1118 1642 opprimere

157 1649 267 1728 posset
286 1636 405 1709 hostes.
441 1648 559 1709 lterum
581 1643 750 1709 abeodem
794 1641 872 1708 redu
887 1642 1038 1726 depulsus
1059 1647 1118 1708 est.
1220 1645 1227 1729 j

157 1751 234 1794 nam
265 1727 495 1794 Themistocles
527 1748 640 1793 verens
672 1749 714 1794 ne
745 1728 785 1792 be
830 1748 863 1790 re
891 1731 1119 1811 perseveraret,
1227 1800 1228 1813 ,

158 1815 327 1879 certiorem
354 1833 427 1878 eum
453 1812 531 1878 fecit
556 1811 591 1875 id
611 1811 678 1905 agi,
706 1816 744 1876 ut
763 1833 861 1894 pons,
890 1817 986 1894 quem
1007 1811 1063 1876 ille
1083 1812 1150 1894 in,
1227 1816 1228 1855 3

158 1897 369 1981 Hellesponto
389 1897 520 1978 fecerat,
542 1895 767 1960 dissolveretur
781 1917 818 1960 ac
832 1895 937 1960 reditu
957 1895 993 1960 in
1006 1897 1121 1960 Asiam

128 1981 394 2065 concluderetur,
425 1979 521 2064 idque
553 1980 583 2044 ei
614 1980 780 2063 persuasit.
836 1980 946 2063 itaque
975 2001 1039 2064 qua
1064 2001 1121 2046 sax

159 2067 321 2132 mensibus
347 2065 410 2130 iter
430 2064 565 2147 fecerat,
593 2063 703 2128 eadem
724 2063 831 2128 minus
852 2063 964 2129 diebus
985 2065 1121 2149 triginta

159 2151 194 2213 in
208 2151 320 2218 Asiam
333 2168 480 2212 reversus
494 2151 542 2212 est
555 2167 652 2229 seque
671 2169 691 2212 a
704 2147 917 2214 Themistocle
938 2169 1006 2214 non
1027 2168 1120 2231 supe-

130 2237 281 2314 aratum,
315 2230 370 2296 sed
397 2233 620 2296 conservatum
647 2231 808 2297 iudicavit.
862 2233 908 2296 sio
934 2233 1031 2296 unius
1057 2232 1122 2296 viri

158 2307 329 2400 prudentia
343 2315 478 2380 Graecia
498 2315 634 2379 liberata
654 2319 703 2380 est
719 2315 930 2400 Europaeque
951 2315 1122 2380 succubuit

159 2401 246 2467 Asia.
283 2399 363 2464 haec
385 2404 434 2464 est
447 2399 548 2464 altera
565 2398 708 2481 victoria,
730 2420 899 2483 quaecum
912 2397 1120 2465 Marathonio

151 2511 152 2514 ¹
183 2485 261 2550 ossit
282 2484 461 2566 comparari
481 2488 624 2567 tropaeo.
660 2503 736 2548 nam
756 2484 827 2566 pari
847 2483 944 2548 modo
966 2483 1051 2567 apud
1065 2483 1121 2550 Sa·

159 2509 398 2713 inminaparvol
407 2588 547 2714 nurneross
556 2567 692 2715 rpisrvirntpt
705 2568 843 2632 maxima
864 2570 938 2650 post
951 2567 1122 2634 hominum

160 2672 347 2716 memoriam
368 2672 477 2715 cassis
498 2671 532 2714 es
589 2671 658 2714 eure
694 2700 700 2714 .

122 2737 144 2802 6
244 2733 383 2818 Magnus
397 2733 459 2800 hoc
472 2733 558 2799 bello
573 2733 802 2800 Themistocles
816 2735 880 2801 fuit
893 2757 997 2819 neque
1014 2736 1123 2802 minor

159 2821 194 2886 in
216 2840 303 2905 paee.
347 2839 421 2883 eum
448 2819 534 2882 enirn
554 2817 721 2883 Phalerico
749 2823 846 2903 portu
875 2841 979 2903 neque
1000 2840 1122 2904 magno

159 2927 264 2990 neque
291 2905 377 2969 bono
405 2902 619 2968 Athenienses
645 2907 826 2986 uterentur,
863 2904 959 2969 huius
986 2903 1123 2970 oonsilio

159 2991 278 3073 triplex
303 2987 410 3053 Phasi
436 2989 548 3071 portus
575 2986 767 3051 constitutus
800 2988 974 3072 ostiisque
1000 2989 1124 3053 moeni·

159 3073 220 3137 bus
237 3072 458 3156 circumdatus,
480 3074 517 3136 nt
537 3069 640 3153 ipsam
661 3070 774 3135 urbem
796 3071 952 3156 dignitate
974 3073 1124 3155 aequipe-

130 3160 262 3238 2raret,
290 3157 429 3223 utilitate
458 3157 631 3240 superaret.
685 3153 771 3219 idem
802 3177 911 3220 muros
943 3156 1125 3221 Athenien·

160 3239 243 3303 sium
263 3239 405 3303 restituit
424 3239 595 3336 praecipuo
620 3259 678 3304 suo
706 3239 860 3322 periculo.
902 3260 1041 3320 namque
1062 3239 1126 3306 Le·

160 3322 357 3388 oedaemonii
378 3343 506 3388 oausam
526 3321 675 3390 idoneam
700 3323 788 3388 nacti
813 3328 947 3406 propter
974 3324 1124 3389 barbaro·

159 3427 230 3471 rum
252 3405 464 3487 excursiones,
487 3427 551 3488 qua
571 3411 728 3492 negarent
749 3411 898 3490 oportere
920 3411 1010 3472 extra
1031 3407 1125 3474 Pelo·

86 3507 92 3519 *
159 3511 339 3574 ponnesum
361 3488 460 3554 ullam
474 3489 587 3553 urbem
599 3512 709 3556 muros
724 3491 852 3575 habere,
874 3511 916 3556 ne
932 3496 1039 3556 essent
1053 3494 1125 3558 loca
