2456 3884
195 198 237 263 26
477 212 540 261 vn.
573 210 793 260 ancrsmnns.
814 204 840 257 e
860 206 886 258 e.

196 347 321 414 vinciae
335 349 416 412 bene
431 345 709 428 administrandae,
730 365 799 409 non
817 364 931 427 parere
951 344 1059 409 noluit
1078 346 1164 408 etin

196 433 375 516 triremem,
408 451 490 514 quee
517 428 557 494 ad
584 451 657 494 eum
691 433 760 494 erat
787 426 1021 512 deportandum
1053 428 1163 512 missa,

167 516 350 582 rascendie
399 513 461 580 hac
482 513 621 578 Thurios
647 515 683 578 in
705 513 832 578 Italiam
854 516 1035 597 pervectus,
1059 513 1164 578 multa

1 674 2 681 ἵ
119 623 123 630 ·
197 596 742 748 “fflissssumdmi‘ifm
755 598 875 746 ctiiplisrpm
884 596 1163 746 ειιοιιιιιιὲιὲεωιιῆιι

573 702 618 746 no
666 701 699 745 ee
742 703 765 745 u
849 703 895 746 nn
1119 725 1120 728 κ
1150 719 1162 730 -
1227 733 1228 746 ,

196 703 781 852 pmffldenoemqppstprrpawmfflm
824 702 1030 830 clmurperpb
1057 703 1161 830 cnslss·

198 852 291 916 dibns
312 849 464 916 subduxit
483 855 518 916 et
537 849 612 915 inde
625 849 766 934 primam
786 814 923 932 illicem,
945 848 1021 913 dein
1034 849 1162 914 Thebas

169 937 297 1000 evenit
340 937 512 1033 postquam
537 937 646 999 cutam
666 954 700 999 se
722 933 836 1018 cepitis
861 933 1047 998 damnatum
1068 934 1161 998 bonis

222 1019 370 1085 ublieatn
392 1017 523 1101 audivit,
546 1021 588 1102 et,
610 1018 644 1083 id
658 1017 745 1102 qnod
758 1039 819 1083 usn
832 1039 951 1083 venera
995 1015 1162 1101 Eumolpi·

198 1042 454 1168 dessmrdoece
483 1125 503 1168 a
529 1103 650 1186 populo
678 1105 805 1168 ooectos
831 1105 869 1166 ut
895 1123 930 1167 se
995 1106 1162 1185 voverent,

198 1188 331 1272 eiusque
346 1186 527 1252 devotionis
541 1209 605 1271 quo
619 1187 768 1252 testatior
781 1189 865 1251 esset
878 1186 1041 1269 memoria,
1056 1207 1164 1250 exem·

221 1272 290 1337 lum
303 1273 339 1336 in
352 1272 420 1356 pile
432 1271 559 1355 lapidea
579 1271 716 1336 incisum
731 1291 798 1335 esse
814 1270 957 1354 positum
970 1270 1006 1334 in
1018 1269 1164 1354 publico,

170 1295 471 1421 einacedsemonem
493 1355 692 1440 demigravit.
735 1354 797 1437 ibi,
824 1357 862 1419 ut
889 1355 958 1438 ipse
977 1351 1165 1438 praedicare

201 1441 384 1521 consuerat,
406 1459 474 1503 non
495 1439 645 1502 adversus
666 1439 818 1522 petriam,
840 1437 896 1502 sed
917 1436 1062 1502 inimicos
1084 1459 1165 1503 snos

199 1523 318 1586 bellum
346 1522 460 1607 gessit,
493 1521 580 1604 quod
613 1521 715 1586 eidem
747 1522 857 1588 hostes
889 1525 996 1588 essent
1021 1521 1163 1588 civitati:

198 1627 275 1670 nem
299 1626 373 1671 curn
394 1604 620 1691 intellegerent
640 1626 674 1670 se
694 1605 869 1690 plurimum
895 1605 1046 1689 prodesse
1067 1627 1163 1690 posse

198 1857 443 1923 Lacedaemonii
458 1879 542 1923 -cnm
568 1858 664 1923 Perse
697 1877 773 1944 rege
805 1857 978 1922 amicitiam
1005 1860 1162 1942 fecerunt,
1225 1937 1227 1942 ι

199 1940 274 2006 dein
294 1942 464 2007 Deceleam
485 1943 521 2008 in
541 1943 651 2008 Attica
671 1942 858 2007 munierunt
870 1942 1097 2028 praesidioque
1119 1943 1163 2007 ibi

200 2029 355 2109 perpetuo
390 2025 497 2109 posito
529 2027 566 2090 in
596 2025 764 2092 obsidione
799 2026 945 2092 Athenas
976 2029 1162 2092 tenuerunt

198 2108 340 2173 eiusdem
367 2129 469 2191 opera·
484 2109 650 2174 Ioniama
676 2110 829 2175 societate
856 2113 1049 2176 averterunt
1062 2112 1163 2178 Athe·

197 2190 368 2256 niensium
416 2212 481 2275 quo
508 2193 594 2258 facto
627 2193 730 2259 multo
762 2195 942 2279 superiores
975 2195 1063 2260 bello
1095 2216 1163 2262 esse
1226 2261 1227 2270 ,

158 2280 398 2458 bedepffipw
420 2381 496 2459 vero
518 2360 569 2426 his
589 2362 684 2426 rebus
704 2365 772 2460 tem
794 2363 889 2460 amici
904 2363 1067 2430 Alcibiadi
1089 2367 1166 2429 sunt

196 2438 278 2534 fece
300 2467 398 2529 quam
424 2449 540 2511 tunore
567 2447 607 2511 ab
629 2467 667 2512 eo
697 2446 836 2512 ahenatr.
879 2467 956 2512 narn
983 2468 1057 2513 cum
1079 2469 1166 2513 acer-
1224 2487 1226 2520 a

194 2527 273 2588 mni
293 2530 357 2594 viri
377 2533 594 2614 praestantem
614 2530 818 2613 prudentiam
838 2532 874 2594 in
896 2532 1045 2597 omnibus
1065 2533 1167 2597 rebus
1224 2527 1226 2574 f

153 2643 156 2654 .
193 2617 431 2688 cognoscerent
473 2615 708 2697 pertimuerunt
733 2633 774 2678 ne
801 2615 934 2680 caritate
962 2614 1168 2700 patrieedu-
1224 2641 1226 2646 ·

193 2688 281 2790 etus·
295 2663 469 2781 aliqnando
496 2697 537 2762 ab
562 2698 641 2781 ipsis
668 2697 857 2764 descisceret
881 2704 915 2765 et
941 2719 1015 2764 oum
1039 2700 1108 2764 suis
1130 2700 1168 2764 in
1225 2697 1226 2780 j

191 2777 338 2850 &fatrem
369 2781 497 2847 rediret
553 2782 662 2866 itaque
694 2785 821 2879 tempus
841 2784 918 2848 eius
945 2783 1168 2849 interficiundi
1225 2837 1226 2872 3

157 2852 352 2932 ²quaerere
380 2867 598 2933 instituerunt.
650 2864 684 2931 id
704 2865 887 2932 Alcrbindes
919 2866 1040 2932 diutius
1066 2864 1168 2933 celari
1224 2875 1226 2934 ,ἕ

188 2949 263 3006 ”011
285 2952 410 3031 potuit:
432 2949 610 3018 eratenim
631 2971 670 3014 ea
690 2950 877 3034 sagacitate,
905 2955 943 3016 ut
965 2951 1070 3036 decipi
1097 2973 1169 3018 non
1223 2951 1225 3008 ἒ

186 3030 322 3116 Ρθθδθῒ,
355 3037 544 3122 praesertim
564 3056 638 3099 cum
664 3033 808 3098 enimum
835 3035 1025 3101 attendisset
1051 3036 1094 3100 ad
1116 3058 1169 3102 cs-
1223 3057 1225 3112 ;

155 3106 348 3223 BVQdem.
391 3123 500 3206 itaque
521 3119 562 3185 ad
576 3117 837 3216 Tissaphernem,
858 3120 1057 3202 praefectum
1078 3122 1169 3206 regis
1224 3183 1225 3186 ,

187 3170 301 3278 DQ,
325 3222 359 3266 se
381 3206 527 3270 contulit.
564 3204 654 3270 cuins
675 3223 749 3267 cum
769 3201 805 3265 in
820 3203 968 3268 mtimnm
989 3204 1169 3270 amicitiam

181 3274 397 3353 Pervenifloee
424 3293 458 3354 et
486 3288 734 3354 Atheniensium
760 3285 843 3349 male
864 3287 964 3372 gestis
991 3288 1027 3352 in
1054 3287 1171 3356 Sicilie
1223 3323 1225 3366 t

180 3344 289 3421 rebus
312 3387 391 3463 qpes
410 3391 589 3454 senescere,
611 3375 725 3437 contra
750 3367 1078 3436 Lacedaemoniorum
1100 3395 1170 3440 cre·

141 3486 149 3534 .·
178 3439 279 3501 80θῖθ
296 3451 431 3536 videret,
453 3454 547 3519 initio
562 3474 635 3519 cunr
649 3451 806 3519 Pisandro
827 3455 986 3539 praetore,
1008 3456 1065 3539 qui
1080 3457 1172 3542 apud
1222 3539 1224 3550 Ι

82 3829 265 3878 :X
