2456 3884
373 299 473 346 xvur.
511 301 682 350 numanus.
704 299 728 347 a.
749 297 774 348 l.
1012 290 1052 354 73

172 433 309 498 Interim
331 435 470 498 conflata
490 439 566 500 sunt
593 435 650 499 illa
670 436 768 518 bella,
791 457 873 521 quae
895 438 936 502 ad
958 442 1089 505 inter-3
1124 447 1126 452 '

85 519 258 585 necionem
279 522 356 602 post
368 518 544 582 Alexandri
559 524 695 584 mortem
710 524 800 604 gesta
820 525 905 603 sunt,
930 545 1053 588 omnes·

87 624 154 752 tt
168 601 1054 770 913ξίῗῶᾞὲἓηῖθᾘίῗιᾝὲρῗὲἓῗὴῖἳᾟὲῗὲἲ

492 735 501 768 2

89 771 275 856 cogebatur,
296 774 405 834 tamen
427 771 565 835 amicum
583 792 651 835 non
666 769 919 856 deaeruitnaque
942 774 1053 840 salutis

91 875 188 938 quam
209 853 285 918 fidei
306 853 369 918 fuit
393 853 547 937 cupidior.
595 854 792 938 praefecerat
818 856 905 921 hunc
926 857 1082 923 Perdice

90 960 144 1002 cas
166 939 196 1002 ei
240 939 302 1001 arti
316 939 422 1021 Asiae,
445 959 527 1021 quae
548 939 634 1002 inter
647 939 788 1004 Taurum
806 945 950 1005 montem
971 942 1054 1007 iacet

90 1027 189 1174 tlt
204 1022 500 1170 ωῑὲῃὲἓίἓῖἒωᾚέ·
524 1022 683 1171 iuml?
721 1046 823 1176 illm
861 1031 1055 1174 ⁰pp⁰⁵¹²itlf
1163 1109 1169 1124 ·

90 1127 243 1255 amerius
256 1187 478 1256 Ptolemaeum
492 1127 573 1255 ὀηίἒ
587 1127 759 1273 profilia
796 1129 1052 1257 Eirirldigiacum
1066 1207 1082 1253 a

90 1295 200 1357 neque
219 1293 351 1358 magnas
372 1274 481 1359 copias
501 1294 543 1338 ne
566 1294 606 1337 ue
628 1275 735 1339 firmas
749 1274 891 1358 haberet,
914 1277 1000 1359 quod
1022 1280 1055 1340 et

90 1357 316 1423 inexercitatae
349 1361 381 1422 et
413 1378 481 1422 non
506 1378 539 1421 m
575 1360 609 1422 to
637 1362 711 1422 ante
738 1362 829 1423 erant
862 1363 1053 1444 contractae,

90 1441 263 1506 adventare
291 1445 398 1506 autem
425 1440 605 1506 dicerentur
631 1440 940 1527 Hellespontumque
967 1447 1054 1508 tran·

92 1526 170 1590 sisse
185 1526 358 1609 Antipater
379 1529 412 1589 et
428 1524 576 1591 Crateros
596 1545 716 1610 magno
738 1547 810 1590 cum
833 1528 972 1593 exercitu
987 1527 1054 1592 Ma

92 1608 260 1692 cadonum,
282 1609 344 1674 viri
358 1629 431 1673 cum
445 1609 588 1673 claritate
602 1613 672 1674 tum
686 1631 746 1674 usu
760 1610 838 1674 belli
878 1615 1053 1677 raestentes

91 1693 298 1778 (Macedones
319 1699 399 1789 'uero
427 1692 544 1757 milites
577 1696 709 1758 catum
737 1697 829 1757 erant
854 1633 956 1776 iana,
989 1707 1083 1778 quat

1 1791 2 1824 l
89 1798 177 1843 nunc
198 1775 338 1842 Romam
364 1776 526 1841 feruntur:
555 1776 675 1840 etenim
702 1797 828 1859 semper
854 1777 957 1840 habiti
979 1782 1055 1841 sunt

90 1859 270 1944 fortissimi,
292 1861 348 1944 qui
370 1882 494 1926 summa
515 1860 642 1942 imperii
659 1859 871 1944 potirentur):
892 1859 1054 1926 Eumenes

2 1983 3 1995 .
90 1939 184 2009 intell
227 1944 313 2017 ebat,
346 1944 375 2008 si
406 1945 517 2028 copiae
552 1964 627 2008 suae
659 1945 868 2028 cognossent,
904 1942 1054 2010 adversus

2 2045 3 2052 ¹
91 2049 175 2111 quos
222 2031 406 2111 acerentur,
434 2048 504 2093 non
528 2026 623 2092 modo
651 2047 719 2092 non
740 2027 855 2108 ituras,
882 2027 938 2091 sed
959 2028 1054 2092 simul

2 2115 3 2146 ³
92 2133 169 2176 cum
185 2112 298 2176 nuntio
312 2111 498 2194 dilapsuras.
534 2111 643 2194 itaque
657 2111 719 2175 hoc
734 2111 764 2174 ei
785 2110 889 2175 visum
911 2114 960 2176 cst
980 2123 1084 2195 pru-5

2 2229 5 2280 ,
91 2195 322 2278 dentissimum,
349 2199 386 2259 ut
407 2195 506 2259 deviis
528 2194 697 2260 itineribus
717 2195 836 2258 milites
859 2194 996 2278 duceret,
1018 2196 1053 2259 in

3 2327 4 2330 ,
92 2279 209 2364 quibus
230 2299 307 2344 vera
327 2278 436 2343 audire
463 2300 531 2343 non
557 2280 703 2361 possent,
725 2282 759 2343 et
784 2278 824 2343 iis
850 2279 1055 2362 persuaderet

92 2384 126 2428 se
148 2366 262 2428 contra
283 2361 437 2459 quosdam
457 2362 611 2426 barbaros
629 2360 797 2445 proficisci.
834 2365 929 2445 atque
948 2366 1084 2427 tenuita

93 2447 156 2511 hoc
200 2449 379 2529 roposrtum
401 2449 433 2511 et
453 2446 543 2529 prius
563 2445 599 2509 in
626 2445 726 2508 aciem
751 2444 923 2509 exercitum
945 2445 1055 2508 eduxit

92 2469 316 2614 preciumque
331 2530 500 2612 commisit,
522 2550 618 2613 quam
632 2527 750 2624 milites
771 2527 963 2624 suiscirent,
982 2549 1055 2592 cum

93 2614 211 2698 quibus
233 2635 322 2678 arma
343 2613 535 2679 conferrent.
573 2612 678 2676 effecit
699 2615 795 2676 otram
817 2610 1054 2677 rlludlocorum

92 2718 250 2782 praeoccu
273 2698 396 2779 atione,
422 2700 460 2760 ut
484 2695 627 2760 e'uitatu
648 2695 756 2778 potius
783 2693 962 2778 dimicaret,
990 2717 1054 2779 quo

93 2782 167 2865 plus
189 2781 260 2846 vale
283 2784 327 2863 at,
348 2801 445 2864 quam
465 2801 506 2864 pe
531 2781 619 2863 tatu,
645 2800 709 2862 quo
732 2782 801 2843 erat
822 2779 969 2843 deterior.

177 2863 323 2940 Quorum
343 2864 497 2928 acemimc
525 2884 682 2928 concursu
709 2884 782 2927 cum
808 2883 959 2946 magnam
985 2863 1091 2944 par-4

93 2951 160 3013 tem
188 2947 252 3014 dici
284 2951 368 3013 esset
398 2950 592 3033 pugnatum,
627 2945 712 3010 cadit
726 2963 729 2967 ·
744 2945 892 3010 Crateros
926 2945 990 3008 dux
1024 2949 1056 3010 ct

92 3029 342 3116 Neoptolemus,
370 3033 425 3115 qui
446 3031 619 3096 secundum
640 3031 746 3094 locum
768 3029 894 3111 imperii
914 3028 1054 3094 tenebat.

92 3137 167 3181 cum
187 3116 251 3181 hoc
272 3115 434 3181 concurrit
453 3116 523 3198 ipse
536 3115 706 3180 Eumenes.
750 3111 806 3209 qui
828 3133 900 3177 cum
920 3112 1006 3177 inter
1020 3128 1084 3178 sea

92 3199 252 3348 tull&
280 3195 1055 3348 tttlrllutttdttttlaltdll

92 3304 1055 3534 lactccccccccccc

340 3500 350 3535 ,
984 3495 991 3510 .

91 3533 155 3601 hoc
184 3535 312 3621 aliquot
338 3534 443 3619 plagis
464 3532 625 3599 Eumenes
652 3531 853 3614 vulneratur,
886 3551 989 3613 neque
1016 3549 1054 3593 co
