2456 3884
153 211 196 276 40
496 224 531 272 x.
575 222 670 271 mou.
692 217 717 268 s.
739 218 764 267 a

152 360 312 426 munitum
334 357 519 505 quingentis
540 357 647 504 longis
667 356 804 421 navibus
810 403 819 438 ,
842 353 949 420 decem
969 357 1123 438 equitum

153 447 344 527 centumque
365 464 405 526 pe
430 442 509 506 ‘tum
529 441 599 504 mili
621 461 676 524 us,
697 439 863 532 profectus
881 443 1122 537 oppugnatum,

175 527 240 592 uod
261 526 410 592 omnibus
431 524 581 610 gentibus
603 523 789 589 admirabile
817 527 865 588 est
884 545 1006 606 ursum,
1035 524 1124 589 adeo

153 549 248 676 iacile
268 607 474 693 perculit,ut
494 612 569 693 post
589 607 675 672 diem
696 608 836 688 tertium,
859 629 956 692 quam
972 605 1123 674 Siciliam

154 694 291 779 attigere
337 692 509 778 Syracusas
529 692 701 757 introierit.
744 713 783 756 ex
805 712 870 775 quo
892 691 984 756 intell
1028 692 1121 776 'po-

153 781 217 842 test
242 799 266 842 n
313 799 368 844 um
396 797 464 842 esse
488 777 659 860 imperium
684 780 790 842 tutum
811 775 876 840 uisi
895 775 1013 840 benivo
1027 776 1122 840 entia

123 861 324 926 emunitum.
361 881 400 925 eo
422 863 566 944 tempore
588 861 700 926 aberat
712 859 887 943 Dionysius
910 863 943 924 et
963 860 999 923 in
1020 859 1121 924 Italia

153 945 287 1010 classem
308 943 534 1028 opperiebatur
555 944 818 1026 adversariorum,
842 947 931 1008 ratus
952 943 1122 1008 nemiuem

153 1030 224 1094 sine
244 1029 371 1112 magnis
392 1047 430 1093 co
454 1028 494 1091 iis
521 1027 563 1092 ad
587 1049 620 1092 se
642 1031 827 1092 venturum:
855 1044 1014 1111 quaeres
1042 1048 1120 1092 eum

123 1111 280 1177 tfefellit
323 1133 400 1176 nam
452 1112 509 1176 ion
530 1110 570 1175 iis
590 1112 678 1195 ipsis,
700 1111 756 1196 qui
778 1111 837 1175 sub
859 1110 1032 1176 adversarii
1047 1110 1119 1176 fue·
1205 1133 1207 1138 ·

153 1200 229 1260 rant
241 1200 409 1281 potestate,
431 1196 538 1281 regios
552 1195 683 1279 spiritus
697 1195 849 1279 repressit
860 1195 1025 1293 totiusque
1047 1195 1119 1260 eius

153 1281 255 1364 partis
276 1279 404 1347 Siciliae
425 1281 547 1364 potitus
569 1283 632 1363 eet,
677 1299 736 1344 uae
758 1279 817 1343 sub
838 1277 989 1363 Dionyeu
1009 1279 1124 1343 fuerat

153 1367 328 1449 potestate,
352 1365 485 1448 parique
506 1363 602 1428 modo
624 1301 712 1428 ardrie
734 1360 963 1446 Syracusarum
986 1367 1120 1446 praeter

74 1511 77 1516 .
122 1457 261 1510 teroem
282 1450 315 1511 et
336 1447 475 1510 insulam
489 1445 672 1511 adiunctam
694 1445 824 1530 oppido,
845 1467 1026 1530 coquerem
1042 1467 1119 1529 per·

118 1527 122 1536 '
153 1527 259 1610 duxit,
282 1533 318 1593 ut
338 1529 457 1594 talibus
501 1529 681 1594 actionibus
700 1551 813 1613 pacem
832 1533 990 1614 tyrannus
1010 1529 1121 1595 facere

152 1611 266 1675 vellet:
300 1610 443 1677 Siciliam
495 1612 552 1677 ion
573 1613 747 1696 obtineret,
774 1613 902 1678 Italiam
928 1614 1017 1678 Dion
1055 1615 1119 1697 ius,

152 1691 327 1844 {yzoesssas
336 1695 568 1781 Apollocrates,
584 1696 636 1762 cui
650 1697 823 1762 maximam
836 1698 932 1763 fidem
946 1698 1005 1763 uni
1043 1699 1121 1764 abe·

175 1799 218 1841 a.
281 1801 407 1846 ronse*
1226 1813 1227 1844 1

113 1857 139 1919 θ
236 1861 305 1928 Has
328 1868 394 1929 tam
415 1885 584 1962 prosperas
605 1868 734 1948 tamque
755 1866 939 1949 inopinatas
960 1887 1012 1931 res
1040 1888 1120 1933 con·

150 1947 261 2008 secuta
283 1951 333 2012 est
353 1949 460 2012 subrta
480 1948 699 2031 commutatio,
741 1949 806 2014 uod
826 1950 960 2015 fortuna
976 1971 1036 2014 sua
1050 1973 1119 2016 mo·
1225 1981 1227 2009 2

149 2021 293 2110 bilitate,
322 2051 419 2113 quem
439 2033 537 2114 paulo
559 2036 680 2096 antee
751 2037 833 2115 erat,
861 2033 1047 2118 demergere
1069 2039 1122 2100 est
1224 2085 1226 2110 2

118 2113 135 2160 1
150 2103 274 2172 adorta.
289 2191 298 2205 θ
311 2113 454 2193 primum
468 2115 504 2178 in
517 2115 594 2196 filio,
610 2115 648 2179 de
663 2135 727 2198 quo
743 2119 991 2183 commemoravi
1009 2140 1118 2203 supra,
1225 2155 1226 2168 2

8 2251 12 2255 .
146 2203 238 2248 suam
264 2211 334 2255 run
362 2197 513 2262 exercuit.
567 2218 643 2262 nam
668 2218 742 2264 cum
768 2221 901 2267 uxorem
928 2202 1120 2286 reduxisset,
1223 2241 1225 2284 ς

143 2271 309 2418 tutelli
323 2274 1121 2455 testebantsar'zbtssstr

109 2433 217 2518 ⁸3011⁸
245 2437 371 2508 vulnus
399 2453 504 2515 morte
531 2450 600 2516 filii.
640 2416 758 2518 deinde
785 2457 857 2518 orta
883 2453 1041 2520 dissensio
1069 2461 1122 2520 est

138 2511 226 2572 mter
248 2537 328 2585 eum
352 2531 388 2590 et
401 2529 622 2619 Heraclidem,
644 2535 716 2620 qui,
739 2537 826 2620 quod
847 2538 878 2602 ei
898 2539 1120 2623 principatum

133 2603 203 2680 non
238 2607 461 2698 concedebat,
495 2619 669 2686 factionem
700 2621 907 2705 comparavit.
954 2643 1062 2706 neque
1090 2623 1121 2688 is

127 2682 398 2824 ffrssiufflm
408 2701 497 2781 apud
508 2703 687 2788 optimates,
703 2725 839 2789 quorum
854 2725 1012 2772 consensu
1026 2728 1120 2791 pree·

93 2830 167 2890 ,no
212 2775 230 2817 ⁰
280 2784 326 2858 ,⁸12
353 2793 432 2843 eum
460 2783 550 2852 Dion
575 2789 749 2854 exercitum
776 2788 954 2873 pedestrem
980 2795 1119 2856 teneret.

117 2901 154 2966 Η
167 2851 192 2894 ¹¹
221 2841 308 2935 *bl-'t
340 2855 412 2960 ¹¹00·
431 2870 541 2936 animo
563 2893 666 2957 aequo
688 2871 791 2957 Dion,
821 2877 854 2938 et
874 2895 1002 2938 versum
1023 2874 1121 2939 illum

152 2929 259 2984 ⁰m⁶n
284 2938 431 3012 rettuht
453 2974 494 3020 ex
516 2958 654 3022 secunda
675 2956 860 3041 rhapsodia,
888 2957 924 3022 in
948 2979 1012 3043 quo
1036 2959 1121 3024 haec

108 2993 288 3134 dmm
321 3025 398 3112 est:
432 3055 503 3104 non
530 3062 625 3126 posse
646 3043 734 3106 ,bene
763 3042 832 3126 geri
859 3061 927 3106 rem
952 3042 1121 3125 publicam

103 3097 318 3234 secutamff,
327 3117 500 3213 meeriis.
538 3126 625 3210 quod
639 3125 759 3190 dictum
773 3145 891 3210 magna
904 3124 1028 3190 invidia
1041 3146 1121 3191 con-

63 3216 157 3283 ⁶sue
177 3187 336 3318 poagia·
381 3208 533 3290 namque
560 3211 722 3295 aperuisse
746 3209 914 3273 videbatur
940 3209 1051 3274 omnia
1082 3212 1121 3274 in
1215 3283 1216 3294 χ

90 3303 188 3387 quio,
216 3325 287 3387 sed
336 3263 376 3325 ιθ
403 3295 479 3375 ‘³⁵9⁶
501 3294 594 3360 velle.
637 3295 721 3360 hano
742 3292 797 3356 ille
817 3313 885 3357 non
906 3293 1006 3358 lenire
1026 3295 1120 3358 obse·

81 3389 159 3464 que,
185 3411 276 3466 oum
298 3355 518 3477 §cethem
546 3379 726 3478 opprimere
737 3375 879 3459 studuit,
899 3374 1120 3442 Heraclidem-

327 3439 507 3518 meuses
529 3467 678 3548 remeset
700 3459 959 3527 interficiundum
980 3463 1117 3528 curavit
