<?xml version="1.0" encoding="UTF-8"?>
<!DOCTYPE html PUBLIC "-//W3C//DTD XHTML 1.0 Transitional//EN"
    "http://www.w3.org/TR/xhtml1/DTD/xhtml1-transitional.dtd">
<html xmlns="http://www.w3.org/1999/xhtml" xml:lang="en" lang="en">
 <head>
  <title>
</title>
<meta http-equiv="Content-Type" content="text/html;charset=utf-8" />
  <meta name='ocr-system' content='tesseract 3.04.00' />
  <meta name='ocr-capabilities' content='ocr_page ocr_carea ocr_par ocr_line ocrx_word'/>
</head>
<body>
  <div class='ocr_page' id='page_1' title='image "./corneliinepotis00halmgoog_0031.png"; bbox 0 0 2456 3884; ppageno 0'>
   <div class='ocr_carea' id='block_1_1' title="bbox 247 233 1046 299">
    <p class='ocr_par' dir='ltr' id='par_1_1' title="bbox 247 233 1046 299">
     <span class='ocr_line' id='line_1_1' title="bbox 247 233 1046 299; baseline 0.006 -5"><span class='ocrx_word' id='word_1_1' title='bbox 247 290 249 294; x_wconf 79' lang='grc'>,</span> <span class='ocrx_word' id='word_1_2' title='bbox 364 244 426 295; x_wconf 85' lang='lat' dir='ltr'><strong>vu.</strong></span> <span class='ocrx_word' id='word_1_3' title='bbox 462 242 765 295; x_wconf 68' lang='lat' dir='ltr'><strong>insinuasset</strong></span> <span class='ocrx_word' id='word_1_4' title='bbox 1003 233 1046 299; x_wconf 80' lang='lat'><strong>25</strong></span> 
     </span>
    </p>
   </div>
   <div class='ocr_carea' id='block_1_2' title="bbox 8 339 1045 466">
    <p class='ocr_par' dir='ltr' id='par_1_2' title="bbox 8 339 1045 466">
     <span class='ocr_line' id='line_1_2' title="bbox 8 339 1045 466; baseline -0.001 -19"><span class='ocrx_word' id='word_1_5' title='bbox 8 409 9 412; x_wconf 42' lang='lat'>¹</span> <span class='ocrx_word' id='word_1_6' title='bbox 73 376 118 446; x_wconf 79' lang='lat' dir='ltr'><strong>ad</strong></span> <span class='ocrx_word' id='word_1_7' title='bbox 141 378 230 464; x_wconf 88' lang='lat' dir='ltr'><strong>quod</strong></span> <span class='ocrx_word' id='word_1_8' title='bbox 251 379 430 464; x_wconf 87' lang='lat' dir='ltr'><strong>gerendum</strong></span> <span class='ocrx_word' id='word_1_9' title='bbox 451 339 520 462; x_wconf 71' lang='lat' dir='ltr'><strong>ipse</strong></span> <span class='ocrx_word' id='word_1_10' title='bbox 541 378 605 444; x_wconf 81' lang='lat' dir='ltr'><strong>dux</strong></span> <span class='ocrx_word' id='word_1_11' title='bbox 630 379 771 446; x_wconf 88' lang='lat' dir='ltr'><strong>delectus</strong></span> <span class='ocrx_word' id='word_1_12' title='bbox 792 383 850 464; x_wconf 89' lang='lat' dir='ltr'><strong>est,</strong></span> <span class='ocrx_word' id='word_1_13' title='bbox 872 382 934 446; x_wconf 91' lang='lat' dir='ltr'><strong>duo</strong></span> <span class='ocrx_word' id='word_1_14' title='bbox 957 403 1045 466; x_wconf 86' lang='lat' dir='ltr'><strong>prae-</strong></span> 
     </span>
    </p>
   </div>
   <div class='ocr_carea' id='block_1_3' title="bbox 73 462 1075 716">
    <p class='ocr_par' dir='ltr' id='par_1_3' title="bbox 73 462 1075 716">
     <span class='ocr_line' id='line_1_3' title="bbox 73 462 1075 548; baseline 0.002 -19"><span class='ocrx_word' id='word_1_15' title='bbox 73 469 168 530; x_wconf 84' lang='lat' dir='ltr'><strong>terea</strong></span> <span class='ocrx_word' id='word_1_16' title='bbox 194 462 336 548; x_wconf 78' lang='lat' dir='ltr'>collegae</span> <span class='ocrx_word' id='word_1_17' title='bbox 365 463 449 547; x_wconf 89' lang='lat' dir='ltr'><strong>dati,</strong></span> <span class='ocrx_word' id='word_1_18' title='bbox 476 462 587 528; x_wconf 82' lang='lat' dir='ltr'><strong>Nicias</strong></span> <span class='ocrx_word' id='word_1_19' title='bbox 616 466 648 528; x_wconf 88' lang='lat' dir='ltr'><strong>et</strong></span> <span class='ocrx_word' id='word_1_20' title='bbox 673 464 862 531; x_wconf 76' lang='lat' dir='ltr'><strong>Lamachus.</strong></span> <span class='ocrx_word' id='word_1_21' title='bbox 911 465 945 529; x_wconf 91' lang='lat' dir='ltr'><strong>id</strong></span> <span class='ocrx_word' id='word_1_22' title='bbox 972 481 1075 531; x_wconf 76' lang='lat' dir='ltr'><strong>cuma</strong></span> 
     </span>
     <span class='ocr_line' id='line_1_4' title="bbox 74 547 1048 633; baseline 0.001 -19"><span class='ocrx_word' id='word_1_23' title='bbox 74 550 303 633; x_wconf 74' lang='lat' dir='ltr'><strong>suppararetur,</strong></span> <span class='ocrx_word' id='word_1_24' title='bbox 338 547 429 631; x_wconf 86' lang='lat' dir='ltr'><strong>prius</strong></span> <span class='ocrx_word' id='word_1_25' title='bbox 458 568 555 632; x_wconf 87' lang='lat' dir='ltr'><strong>quam</strong></span> <span class='ocrx_word' id='word_1_26' title='bbox 583 547 691 622; x_wconf 85' lang='lat' dir='ltr'><strong>classis</strong></span> <span class='ocrx_word' id='word_1_27' title='bbox 718 549 833 633; x_wconf 89' lang='lat' dir='ltr'><strong>exiret,</strong></span> <span class='ocrx_word' id='word_1_28' title='bbox 869 549 985 615; x_wconf 89' lang='lat' dir='ltr'><strong>accidit</strong></span> <span class='ocrx_word' id='word_1_29' title='bbox 1010 557 1048 615; x_wconf 89' lang='lat' dir='ltr'><strong>ut</strong></span> 
     </span>
     <span class='ocr_line' id='line_1_5' title="bbox 75 631 1046 716; baseline 0.002 -18"><span class='ocrx_word' id='word_1_30' title='bbox 75 654 146 698; x_wconf 88' lang='lat' dir='ltr'><strong>una</strong></span> <span class='ocrx_word' id='word_1_31' title='bbox 166 634 262 696; x_wconf 86' lang='lat' dir='ltr'><strong>nocte</strong></span> <span class='ocrx_word' id='word_1_32' title='bbox 284 653 397 697; x_wconf 89' lang='lat' dir='ltr'><strong>omnes</strong></span> <span class='ocrx_word' id='word_1_33' title='bbox 412 632 550 715; x_wconf 88' lang='lat' dir='ltr'><strong>hermae,</strong></span> <span class='ocrx_word' id='word_1_34' title='bbox 573 631 629 715; x_wconf 88' lang='lat' dir='ltr'><strong>qui</strong></span> <span class='ocrx_word' id='word_1_35' title='bbox 651 633 686 697; x_wconf 87' lang='lat' dir='ltr'><strong>in</strong></span> <span class='ocrx_word' id='word_1_36' title='bbox 701 633 820 716; x_wconf 90' lang='lat' dir='ltr'><strong>oppido</strong></span> <span class='ocrx_word' id='word_1_37' title='bbox 841 637 934 698; x_wconf 89' lang='lat' dir='ltr'><strong>erant</strong></span> <span class='ocrx_word' id='word_1_38' title='bbox 947 635 1046 700; x_wconf 88' lang='lat' dir='ltr'><strong>Athe-</strong></span> 
     </span>
    </p>
   </div>
   <div class='ocr_carea' id='block_1_4' title="bbox 8 715 1048 800">
    <p class='ocr_par' dir='ltr' id='par_1_4' title="bbox 8 715 1048 800">
     <span class='ocr_line' id='line_1_6' title="bbox 8 715 1048 800; baseline -0.003 -14"><span class='ocrx_word' id='word_1_39' title='bbox 8 783 9 786; x_wconf 63' lang='lat'><strong>,</strong></span> <span class='ocrx_word' id='word_1_40' title='bbox 74 717 139 800; x_wconf 84' lang='lat' dir='ltr'><strong>nis,</strong></span> <span class='ocrx_word' id='word_1_41' title='bbox 163 715 377 781; x_wconf 87' lang='lat' dir='ltr'><strong>deiicerentur</strong></span> <span class='ocrx_word' id='word_1_42' title='bbox 391 719 519 799; x_wconf 85' lang='lat' dir='ltr'><strong>praeter</strong></span> <span class='ocrx_word' id='word_1_43' title='bbox 535 737 646 799; x_wconf 88' lang='lat' dir='ltr'><strong>unum,</strong></span> <span class='ocrx_word' id='word_1_44' title='bbox 691 718 725 781; x_wconf 94' lang='lat' dir='ltr'><strong>ui</strong></span> <span class='ocrx_word' id='word_1_45' title='bbox 739 722 814 782; x_wconf 84' lang='lat' dir='ltr'><strong>ante</strong></span> <span class='ocrx_word' id='word_1_46' title='bbox 827 717 957 783; x_wconf 87' lang='lat' dir='ltr'><strong>ianuam</strong></span> <span class='ocrx_word' id='word_1_47' title='bbox 978 723 1048 783; x_wconf 88' lang='lat' dir='ltr'><strong>erat</strong></span> 
     </span>
    </p>
   </div>
   <div class='ocr_carea' id='block_1_5' title="bbox 76 799 1046 884">
    <p class='ocr_par' dir='ltr' id='par_1_5' title="bbox 76 799 1046 884">
     <span class='ocr_line' id='line_1_7' title="bbox 76 799 1046 884; baseline 0.002 -20"><span class='ocrx_word' id='word_1_48' title='bbox 76 799 249 866; x_wconf 81' lang='lat' dir='ltr'><strong>Andocidi.</strong></span> <span class='ocrx_word' id='word_1_49' title='bbox 302 800 349 864; x_wconf 87' lang='lat' dir='ltr'><strong>ita</strong></span> <span class='ocrx_word' id='word_1_50' title='bbox 372 821 412 864; x_wconf 90' lang='lat' dir='ltr'><strong>ua</strong></span> <span class='ocrx_word' id='word_1_51' title='bbox 445 799 500 864; x_wconf 92' lang='lat' dir='ltr'><strong>ille</strong></span> <span class='ocrx_word' id='word_1_52' title='bbox 532 803 645 884; x_wconf 86' lang='lat' dir='ltr'><strong>postea</strong></span> <span class='ocrx_word' id='word_1_53' title='bbox 715 803 855 867; x_wconf 88' lang='lat' dir='ltr'><strong>ercurius</strong></span> <span class='ocrx_word' id='word_1_54' title='bbox 886 802 1046 868; x_wconf 83' lang='lat' dir='ltr'><strong>Andocidi</strong></span> 
     </span>
    </p>
   </div>
   <div class='ocr_carea' id='block_1_6' title="bbox 77 885 1215 973">
    <p class='ocr_par' dir='ltr' id='par_1_6' title="bbox 77 885 1215 973">
     <span class='ocr_line' id='line_1_8' title="bbox 77 885 1215 973; baseline 0.006 -24"><span class='ocrx_word' id='word_1_55' title='bbox 77 885 239 956; x_wconf 82' lang='lat' dir='ltr'><strong>vocitatus</strong></span> <span class='ocrx_word' id='word_1_56' title='bbox 262 886 319 949; x_wconf 85' lang='lat' dir='ltr'><strong>cst.</strong></span> <span class='ocrx_word' id='word_1_57' title='bbox 388 904 426 949; x_wconf 90' lang='lat' dir='ltr'><strong>oe</strong></span> <span class='ocrx_word' id='word_1_58' title='bbox 447 905 520 948; x_wconf 90' lang='lat' dir='ltr'><strong>cum</strong></span> <span class='ocrx_word' id='word_1_59' title='bbox 548 889 716 968; x_wconf 74' lang='lat' dir='ltr'><strong>appareret</strong></span> <span class='ocrx_word' id='word_1_60' title='bbox 735 907 804 953; x_wconf 91' lang='lat' dir='ltr'><strong>non</strong></span> <span class='ocrx_word' id='word_1_61' title='bbox 830 887 899 952; x_wconf 87' lang='lat' dir='ltr'><strong>sine</strong></span> <span class='ocrx_word' id='word_1_62' title='bbox 926 899 1075 973; x_wconf 69' lang='lat' dir='ltr'><strong>magnas</strong></span> <span class='ocrx_word' id='word_1_63' title='bbox 1211 949 1215 956; x_wconf 92' lang='lat'><strong>.</strong></span> 
     </span>
    </p>
   </div>
   <div class='ocr_carea' id='block_1_7' title="bbox 78 968 1046 1068">
    <p class='ocr_par' dir='ltr' id='par_1_7' title="bbox 78 968 1046 1068">
     <span class='ocr_line' id='line_1_9' title="bbox 78 968 1046 1068; baseline 0.002 -35"><span class='ocrx_word' id='word_1_64' title='bbox 78 969 258 1034; x_wconf 89' lang='lat' dir='ltr'><strong>multorum</strong></span> <span class='ocrx_word' id='word_1_65' title='bbox 291 968 503 1034; x_wconf 80' lang='lat' dir='ltr'><strong>consensione</strong></span> <span class='ocrx_word' id='word_1_66' title='bbox 535 989 603 1033; x_wconf 88' lang='lat' dir='ltr'><strong>esse</strong></span> <span class='ocrx_word' id='word_1_67' title='bbox 634 969 774 1068; x_wconf 79' lang='lat' dir='ltr'><strong>factum,</strong></span> <span class='ocrx_word' id='word_1_68' title='bbox 798 993 879 1054; x_wconf 89' lang='lat' dir='ltr'><strong>quaa</strong></span> <span class='ocrx_word' id='word_1_69' title='bbox 910 993 979 1037; x_wconf 92' lang='lat' dir='ltr'><strong>non</strong></span> <span class='ocrx_word' id='word_1_70' title='bbox 1006 974 1046 1036; x_wconf 89' lang='lat' dir='ltr'><strong>ad</strong></span> 
     </span>
    </p>
   </div>
   <div class='ocr_carea' id='block_1_8' title="bbox 8 1051 1076 1642">
    <p class='ocr_par' dir='ltr' id='par_1_8' title="bbox 8 1051 1076 1652">
     <span class='ocr_line' id='line_1_10' title="bbox 8 1051 1046 1141; baseline 0.003 -24"><span class='ocrx_word' id='word_1_71' title='bbox 8 1109 10 1132; x_wconf 60' lang='lat'><strong>,</strong></span> <span class='ocrx_word' id='word_1_72' title='bbox 77 1053 256 1137; x_wconf 85' lang='lat' dir='ltr'><strong>privatam,</strong></span> <span class='ocrx_word' id='word_1_73' title='bbox 283 1053 339 1117; x_wconf 84' lang='lat' dir='ltr'><strong>sed</strong></span> <span class='ocrx_word' id='word_1_74' title='bbox 359 1051 400 1116; x_wconf 87' lang='lat' dir='ltr'><strong>ad</strong></span> <span class='ocrx_word' id='word_1_75' title='bbox 420 1051 582 1136; x_wconf 81' lang='lat' dir='ltr'><strong>publicam</strong></span> <span class='ocrx_word' id='word_1_76' title='bbox 602 1073 671 1118; x_wconf 88' lang='lat' dir='ltr'><strong>rem</strong></span> <span class='ocrx_word' id='word_1_77' title='bbox 692 1057 882 1138; x_wconf 80' lang='lat' dir='ltr'><strong>pertineret,</strong></span> <span class='ocrx_word' id='word_1_78' title='bbox 909 1077 1046 1141; x_wconf 81' lang='lat' dir='ltr'><strong>magnus</strong></span> 
     </span>
     <span class='ocr_line' id='line_1_11' title="bbox 8 1135 1045 1222; baseline 0.001 -20"><span class='ocrx_word' id='word_1_79' title='bbox 8 1185 10 1210; x_wconf 52' lang='lat'><strong>,</strong></span> <span class='ocrx_word' id='word_1_80' title='bbox 77 1135 281 1202; x_wconf 72' lang='lat' dir='ltr'><strong>multitudini</strong></span> <span class='ocrx_word' id='word_1_81' title='bbox 295 1137 394 1201; x_wconf 92' lang='lat' dir='ltr'><strong>timor</strong></span> <span class='ocrx_word' id='word_1_82' title='bbox 413 1139 462 1202; x_wconf 87' lang='lat' dir='ltr'><strong>est</strong></span> <span class='ocrx_word' id='word_1_83' title='bbox 480 1136 632 1220; x_wconf 90' lang='lat' dir='ltr'><strong>iniectus,</strong></span> <span class='ocrx_word' id='word_1_84' title='bbox 659 1159 701 1202; x_wconf 87' lang='lat' dir='ltr'><strong>ne</strong></span> <span class='ocrx_word' id='word_1_85' title='bbox 723 1160 787 1222; x_wconf 86' lang='lat' dir='ltr'><strong>qua</strong></span> <span class='ocrx_word' id='word_1_86' title='bbox 807 1140 975 1222; x_wconf 75' lang='lat' dir='ltr'><strong>repemina</strong></span> <span class='ocrx_word' id='word_1_87' title='bbox 996 1141 1045 1204; x_wconf 81' lang='lat' dir='ltr'><strong>vis</strong></span> 
     </span>
     <span class='ocr_line' id='line_1_12' title="bbox 8 1220 1046 1318; baseline 0.001 -32"><span class='ocrx_word' id='word_1_88' title='bbox 8 1239 9 1296; x_wconf 82' lang='lat' dir='ltr'><strong>j</strong></span> <span class='ocrx_word' id='word_1_89' title='bbox 76 1221 114 1286; x_wconf 88' lang='lat' dir='ltr'><strong>in</strong></span> <span class='ocrx_word' id='word_1_90' title='bbox 137 1221 268 1286; x_wconf 80' lang='lat' dir='ltr'><strong>civitate</strong></span> <span class='ocrx_word' id='word_1_91' title='bbox 289 1221 448 1304; x_wconf 87' lang='lat' dir='ltr'><strong>existeret,</strong></span> <span class='ocrx_word' id='word_1_92' title='bbox 471 1241 552 1304; x_wconf 90' lang='lat' dir='ltr'><strong>quae</strong></span> <span class='ocrx_word' id='word_1_93' title='bbox 574 1220 753 1286; x_wconf 85' lang='lat' dir='ltr'><strong>libertatem</strong></span> <span class='ocrx_word' id='word_1_94' title='bbox 776 1223 970 1318; x_wconf 83' lang='lat' dir='ltr'><strong>opprimeret</strong></span> <span class='ocrx_word' id='word_1_95' title='bbox 989 1244 1046 1306; x_wconf 93' lang='lat' dir='ltr'><strong>po·</strong></span> 
     </span>
     <span class='ocr_line' id='line_1_13' title="bbox 79 1304 1076 1388; baseline 0 -20"><span class='ocrx_word' id='word_1_96' title='bbox 79 1305 163 1388; x_wconf 88' lang='lat' dir='ltr'><strong>puli.</strong></span> <span class='ocrx_word' id='word_1_97' title='bbox 208 1304 271 1369; x_wconf 89' lang='lat' dir='ltr'><strong>boc</strong></span> <span class='ocrx_word' id='word_1_98' title='bbox 297 1305 433 1369; x_wconf 83' lang='lat' dir='ltr'><strong>maxime</strong></span> <span class='ocrx_word' id='word_1_99' title='bbox 455 1305 627 1370; x_wconf 82' lang='lat' dir='ltr'><strong>convenire</strong></span> <span class='ocrx_word' id='word_1_100' title='bbox 649 1305 684 1370; x_wconf 91' lang='lat' dir='ltr'><strong>in</strong></span> <span class='ocrx_word' id='word_1_101' title='bbox 705 1305 904 1370; x_wconf 76' lang='lat' dir='ltr'><strong>Alcibiadem</strong></span> <span class='ocrx_word' id='word_1_102' title='bbox 918 1306 1076 1370; x_wconf 71' lang='lat' dir='ltr'><strong>videbat</strong></span> 
     </span>
     <span class='ocr_line' id='line_1_14' title="bbox 8 1387 1045 1473; baseline 0.001 -20"><span class='ocrx_word' id='word_1_103' title='bbox 8 1411 10 1464; x_wconf 59' lang='lat'>3</span> <span class='ocrx_word' id='word_1_104' title='bbox 79 1393 143 1472; x_wconf 89' lang='lat' dir='ltr'><strong>tur,</strong></span> <span class='ocrx_word' id='word_1_105' title='bbox 167 1387 255 1470; x_wconf 89' lang='lat' dir='ltr'><strong>quod</strong></span> <span class='ocrx_word' id='word_1_106' title='bbox 270 1391 303 1452; x_wconf 87' lang='lat' dir='ltr'><strong>et</strong></span> <span class='ocrx_word' id='word_1_107' title='bbox 338 1389 480 1454; x_wconf 86' lang='lat' dir='ltr'><strong>otentior</strong></span> <span class='ocrx_word' id='word_1_108' title='bbox 494 1392 527 1454; x_wconf 90' lang='lat' dir='ltr'><strong>et</strong></span> <span class='ocrx_word' id='word_1_109' title='bbox 546 1389 649 1454; x_wconf 90' lang='lat' dir='ltr'><strong>maior</strong></span> <span class='ocrx_word' id='word_1_110' title='bbox 663 1410 760 1472; x_wconf 88' lang='lat' dir='ltr'><strong>quam</strong></span> <span class='ocrx_word' id='word_1_111' title='bbox 773 1390 917 1473; x_wconf 83' lang='lat' dir='ltr'><strong>privatus</strong></span> <span class='ocrx_word' id='word_1_112' title='bbox 939 1390 1045 1454; x_wconf 86' lang='lat' dir='ltr'><strong>existi-</strong></span> 
     </span>
     <span class='ocr_line' id='line_1_15' title="bbox 77 1472 1045 1558; baseline 0.003 -21.8"><span class='ocrx_word' id='word_1_113' title='bbox 77 1473 243 1537; x_wconf 87' lang='lat' dir='ltr'><strong>mabatur:</strong></span> <span class='ocrx_word' id='word_1_114' title='bbox 265 1493 299 1536; x_wconf 92' lang='lat' dir='ltr'><strong>m</strong></span> <span class='ocrx_word' id='word_1_115' title='bbox 333 1476 386 1537; x_wconf 90' lang='lat' dir='ltr'><strong>tos</strong></span> <span class='ocrx_word' id='word_1_116' title='bbox 407 1473 494 1537; x_wconf 92' lang='lat' dir='ltr'><strong>enim</strong></span> <span class='ocrx_word' id='word_1_117' title='bbox 508 1472 699 1538; x_wconf 77' lang='lat' dir='ltr'><strong>liberalitate</strong></span> <span class='ocrx_word' id='word_1_118' title='bbox 721 1472 915 1558; x_wconf 84' lang='lat' dir='ltr'><strong>devinxerat,</strong></span> <span class='ocrx_word' id='word_1_119' title='bbox 937 1474 1045 1558; x_wconf 90' lang='lat' dir='ltr'><strong>plures</strong></span> 
     </span>
     <span class='ocr_line' id='line_1_16' title="bbox 8 1556 1074 1642; baseline 0.001 -22"><span class='ocrx_word' id='word_1_120' title='bbox 8 1561 10 1628; x_wconf 72' lang='lat' dir='ltr'><strong>l</strong></span> <span class='ocrx_word' id='word_1_121' title='bbox 80 1557 181 1620; x_wconf 87' lang='lat' dir='ltr'><strong>etiam</strong></span> <span class='ocrx_word' id='word_1_122' title='bbox 202 1577 299 1640; x_wconf 86' lang='lat' dir='ltr'><strong>opera</strong></span> <span class='ocrx_word' id='word_1_123' title='bbox 325 1556 447 1622; x_wconf 87' lang='lat' dir='ltr'><strong>forensi</strong></span> <span class='ocrx_word' id='word_1_124' title='bbox 474 1577 549 1621; x_wconf 85' lang='lat' dir='ltr'><strong>suos</strong></span> <span class='ocrx_word' id='word_1_125' title='bbox 569 1556 757 1624; x_wconf 88' lang='lat' dir='ltr'><strong>reddiderat.</strong></span> <span class='ocrx_word' id='word_1_126' title='bbox 810 1580 873 1642; x_wconf 89' lang='lat' dir='ltr'><strong>qua</strong></span> <span class='ocrx_word' id='word_1_127' title='bbox 890 1580 925 1622; x_wconf 88' lang='lat' dir='ltr'><strong>re</strong></span> <span class='ocrx_word' id='word_1_128' title='bbox 946 1559 1074 1623; x_wconf 74' lang='lat' dir='ltr'><strong>fiebatt</strong></span> 
     </span>
    </p>
   </div>
   <div class='ocr_carea' id='block_1_9' title="bbox 8 1799 721 1956">
    <p class='ocr_par' dir='ltr' id='par_1_9' title="bbox 8 1799 721 1956">
     <span class='ocr_line' id='line_1_17' title="bbox 8 1799 721 1956; baseline 0.003 -84"><span class='ocrx_word' id='word_1_129' title='bbox 8 1799 10 1830; x_wconf 83' lang='lat'><strong>¹</strong></span> <span class='ocrx_word' id='word_1_130' title='bbox 79 1809 212 1873; x_wconf 83' lang='lat' dir='ltr'><strong>civitate</strong></span> <span class='ocrx_word' id='word_1_131' title='bbox 240 1811 424 1892; x_wconf 85' lang='lat' dir='ltr'><strong>poneretur.</strong></span> <span class='ocrx_word' id='word_1_132' title='bbox 478 1807 586 1956; x_wconf 70' lang='lat' dir='ltr'><strong>itaque</strong></span> <span class='ocrx_word' id='word_1_133' title='bbox 613 1830 681 1874; x_wconf 89' lang='lat' dir='ltr'><strong>non</strong></span> <span class='ocrx_word' id='word_1_134' title='bbox 707 1831 721 1874; x_wconf 90' lang='lat' dir='ltr'><strong>s</strong></span> 
     </span>
    </p>
   </div>
   <div class='ocr_carea' id='block_1_10' title="bbox 8 2075 10 2084">
    <p class='ocr_par' dir='ltr' id='par_1_10' title="bbox 8 2075 10 2084">
     <span class='ocr_line' id='line_1_18' title="bbox 8 2075 10 2084; baseline 0 0"><span class='ocrx_word' id='word_1_135' title='bbox 8 2075 10 2084; x_wconf 68' lang='grc' dir='ltr'><em>ι</em></span> 
     </span>
    </p>
   </div>
   <div class='ocr_carea' id='block_1_11' title="bbox 8 1640 1045 1740">
    <p class='ocr_par' dir='ltr' id='par_1_11' title="bbox 8 1640 1045 1740">
     <span class='ocr_line' id='line_1_19' title="bbox 8 1640 1045 1740; baseline 0.002 -36"><span class='ocrx_word' id='word_1_136' title='bbox 8 1669 10 1696; x_wconf 83' lang='grc' dir='ltr'>ι</span> <span class='ocrx_word' id='word_1_137' title='bbox 81 1645 118 1704; x_wconf 90' lang='lat' dir='ltr'><strong>ut</strong></span> <span class='ocrx_word' id='word_1_138' title='bbox 140 1641 285 1705; x_wconf 87' lang='lat' dir='ltr'><strong>omnium</strong></span> <span class='ocrx_word' id='word_1_139' title='bbox 301 1640 422 1724; x_wconf 89' lang='lat' dir='ltr'><strong>oculos,</strong></span> <span class='ocrx_word' id='word_1_140' title='bbox 444 1640 730 1740; x_wconf 83' lang='lat' dir='ltr'><strong>quotienscumque</strong></span> <span class='ocrx_word' id='word_1_141' title='bbox 745 1643 781 1706; x_wconf 95' lang='lat' dir='ltr'><strong>in</strong></span> <span class='ocrx_word' id='word_1_142' title='bbox 794 1642 958 1740; x_wconf 83' lang='lat' dir='ltr'><strong>publicum</strong></span> <span class='ocrx_word' id='word_1_143' title='bbox 972 1664 1045 1740; x_wconf 82' lang='lat' dir='ltr'><strong>pro·</strong></span> 
     </span>
    </p>
   </div>
   <div class='ocr_carea' id='block_1_12' title="bbox 68 1722 1045 1893">
    <p class='ocr_par' dir='ltr' id='par_1_12' title="bbox 68 1722 1045 1893">
     <span class='ocr_line' id='line_1_20' title="bbox 68 1722 1045 1872; baseline 0.002 -84"><span class='ocrx_word' id='word_1_144' title='bbox 68 1724 195 1807; x_wconf 88' lang='lat' dir='ltr'><strong>disset,</strong></span> <span class='ocrx_word' id='word_1_145' title='bbox 223 1722 266 1789; x_wconf 87' lang='lat' dir='ltr'><strong>ad</strong></span> <span class='ocrx_word' id='word_1_146' title='bbox 287 1745 321 1789; x_wconf 87' lang='lat' dir='ltr'><strong>se</strong></span> <span class='ocrx_word' id='word_1_147' title='bbox 342 1727 544 1790; x_wconf 84' lang='lat' dir='ltr'><strong>converteret</strong></span> <span class='ocrx_word' id='word_1_148' title='bbox 563 1746 668 1808; x_wconf 92' lang='lat' dir='ltr'><strong>neque</strong></span> <span class='ocrx_word' id='word_1_149' title='bbox 690 1747 720 1790; x_wconf 85' lang='lat' dir='ltr'><strong>er</strong></span> <span class='ocrx_word' id='word_1_150' title='bbox 740 1747 799 1872; x_wconf 61' lang='lat' dir='ltr'><strong>im</strong></span> <span class='ocrx_word' id='word_1_151' title='bbox 819 1748 989 1823; x_wconf 76' lang='lat' dir='ltr'><strong>qursquam</strong></span> <span class='ocrx_word' id='word_1_152' title='bbox 1010 1747 1045 1790; x_wconf 87' lang='lat' dir='ltr'><strong>m</strong></span> 
     </span>
     <span class='ocr_line' id='line_1_21' title="bbox 723 1830 1044 1893; baseline 0 -19"><span class='ocrx_word' id='word_1_153' title='bbox 723 1831 812 1874; x_wconf 91' lang='lat' dir='ltr'><strong>oum</strong></span> <span class='ocrx_word' id='word_1_154' title='bbox 832 1830 922 1893; x_wconf 88' lang='lat' dir='ltr'><strong>spem</strong></span> <span class='ocrx_word' id='word_1_155' title='bbox 948 1831 984 1874; x_wconf 87' lang='lat' dir='ltr'><strong>m</strong></span> <span class='ocrx_word' id='word_1_156' title='bbox 1006 1830 1044 1874; x_wconf 90' lang='lat' dir='ltr'><strong>eo</strong></span> 
     </span>
    </p>
   </div>
   <div class='ocr_carea' id='block_1_13' title="bbox 77 1892 1044 1977">
    <p class='ocr_par' dir='ltr' id='par_1_13' title="bbox 77 1892 1044 1977">
     <span class='ocr_line' id='line_1_22' title="bbox 77 1892 1044 1977; baseline 0 -19"><span class='ocrx_word' id='word_1_157' title='bbox 77 1892 246 1958; x_wconf 83' lang='lat' dir='ltr'><strong>habebant</strong></span> <span class='ocrx_word' id='word_1_158' title='bbox 271 1892 459 1976; x_wconf 80' lang='lat' dir='ltr'><strong>maximam,</strong></span> <span class='ocrx_word' id='word_1_159' title='bbox 486 1913 520 1958; x_wconf 87' lang='lat' dir='ltr'><strong>se</strong></span> <span class='ocrx_word' id='word_1_160' title='bbox 574 1893 671 1958; x_wconf 88' lang='lat' dir='ltr'><strong>etiam</strong></span> <span class='ocrx_word' id='word_1_161' title='bbox 698 1895 860 1977; x_wconf 89' lang='lat' dir='ltr'><strong>timorem,</strong></span> <span class='ocrx_word' id='word_1_162' title='bbox 893 1894 979 1976; x_wconf 89' lang='lat' dir='ltr'><strong>quod</strong></span> <span class='ocrx_word' id='word_1_163' title='bbox 1012 1899 1044 1958; x_wconf 90' lang='lat' dir='ltr'><strong>et</strong></span> 
     </span>
    </p>
   </div>
   <div class='ocr_carea' id='block_1_14' title="bbox 8 1976 1075 2073">
    <p class='ocr_par' dir='ltr' id='par_1_14' title="bbox 8 1976 1075 2073">
     <span class='ocr_line' id='line_1_23' title="bbox 8 1976 1075 2073; baseline 0.001 -32"><span class='ocrx_word' id='word_1_164' title='bbox 8 2043 9 2050; x_wconf 38' lang='lat'><strong>,</strong></span> <span class='ocrx_word' id='word_1_165' title='bbox 78 1976 389 2073; x_wconf 29' lang='lat' dir='ltr'><strong>obesseuplurimum</strong></span> <span class='ocrx_word' id='word_1_166' title='bbox 411 1980 445 2041; x_wconf 92' lang='lat' dir='ltr'><strong>et</strong></span> <span class='ocrx_word' id='word_1_167' title='bbox 465 1977 614 2060; x_wconf 82' lang='lat' dir='ltr'><strong>prodesse</strong></span> <span class='ocrx_word' id='word_1_168' title='bbox 634 1980 771 2060; x_wconf 89' lang='lat' dir='ltr'><strong>poterat.</strong></span> <span class='ocrx_word' id='word_1_169' title='bbox 816 1979 1075 2062; x_wconf 83' lang='lat' dir='ltr'><strong>aspergebaturc</strong></span> 
     </span>
    </p>
   </div>
   <div class='ocr_carea' id='block_1_15' title="bbox 66 2059 1082 3575">
    <p class='ocr_par' dir='ltr' id='par_1_15' title="bbox 66 2059 1045 2394">
     <span class='ocr_line' id='line_1_24' title="bbox 66 2059 1044 2146; baseline -0.002 -20"><span class='ocrx_word' id='word_1_170' title='bbox 66 2061 182 2126; x_wconf 87' lang='lat' dir='ltr'><strong>etiam</strong></span> <span class='ocrx_word' id='word_1_171' title='bbox 201 2059 347 2144; x_wconf 61' lang='lat' dir='ltr'><strong>Mamm,</strong></span> <span class='ocrx_word' id='word_1_172' title='bbox 376 2061 463 2146; x_wconf 83' lang='lat' dir='ltr'><strong>quod</strong></span> <span class='ocrx_word' id='word_1_173' title='bbox 490 2061 525 2125; x_wconf 94' lang='lat' dir='ltr'><strong>in</strong></span> <span class='ocrx_word' id='word_1_174' title='bbox 552 2061 648 2126; x_wconf 85' lang='lat' dir='ltr'><strong>domo</strong></span> <span class='ocrx_word' id='word_1_175' title='bbox 676 2082 734 2126; x_wconf 83' lang='lat' dir='ltr'><strong>sua</strong></span> <span class='ocrx_word' id='word_1_176' title='bbox 759 2060 864 2125; x_wconf 89' lang='lat' dir='ltr'><strong>facere</strong></span> <span class='ocrx_word' id='word_1_177' title='bbox 893 2061 1044 2145; x_wconf 87' lang='lat' dir='ltr'><strong>mysteria</strong></span> 
     </span>
     <span class='ocr_line' id='line_1_25' title="bbox 78 2143 1043 2231; baseline -0.002 -21"><span class='ocrx_word' id='word_1_178' title='bbox 78 2144 262 2210; x_wconf 86' lang='lat' dir='ltr'><strong>dicebatur:</strong></span> <span class='ocrx_word' id='word_1_179' title='bbox 290 2143 376 2229; x_wconf 88' lang='lat' dir='ltr'><strong>quod</strong></span> <span class='ocrx_word' id='word_1_180' title='bbox 397 2144 489 2209; x_wconf 89' lang='lat' dir='ltr'><strong>nefas</strong></span> <span class='ocrx_word' id='word_1_181' title='bbox 509 2149 578 2210; x_wconf 88' lang='lat' dir='ltr'><strong>erat</strong></span> <span class='ocrx_word' id='word_1_182' title='bbox 599 2155 687 2211; x_wconf 90' lang='lat' dir='ltr'><strong>more</strong></span> <span class='ocrx_word' id='word_1_183' title='bbox 709 2145 971 2231; x_wconf 86' lang='lat' dir='ltr'><strong>Atheniensium,</strong></span> <span class='ocrx_word' id='word_1_184' title='bbox 998 2144 1043 2208; x_wconf 89' lang='lat' dir='ltr'><strong>id·</strong></span> 
     </span>
     <span class='ocr_line' id='line_1_26' title="bbox 79 2228 1045 2328; baseline 0 -34"><span class='ocrx_word' id='word_1_185' title='bbox 79 2251 142 2328; x_wconf 89' lang='lat' dir='ltr'><strong>que</strong></span> <span class='ocrx_word' id='word_1_186' title='bbox 163 2249 233 2294; x_wconf 89' lang='lat' dir='ltr'><strong>non</strong></span> <span class='ocrx_word' id='word_1_187' title='bbox 254 2228 296 2293; x_wconf 88' lang='lat' dir='ltr'><strong>ad</strong></span> <span class='ocrx_word' id='word_1_188' title='bbox 316 2229 522 2314; x_wconf 80' lang='lat' dir='ltr'><strong>religionem,</strong></span> <span class='ocrx_word' id='word_1_189' title='bbox 550 2229 605 2294; x_wconf 89' lang='lat' dir='ltr'><strong>sed</strong></span> <span class='ocrx_word' id='word_1_190' title='bbox 632 2229 673 2294; x_wconf 87' lang='lat' dir='ltr'><strong>ad</strong></span> <span class='ocrx_word' id='word_1_191' title='bbox 699 2230 953 2300; x_wconf 86' lang='lat' dir='ltr'><strong>coniurationem</strong></span> <span class='ocrx_word' id='word_1_192' title='bbox 974 2250 1045 2314; x_wconf 90' lang='lat' dir='ltr'><strong>per-</strong></span> 
     </span>
     <span class='ocr_line' id='line_1_27' title="bbox 78 2313 530 2394; baseline -0.002 -16"><span class='ocrx_word' id='word_1_193' title='bbox 78 2319 182 2378; x_wconf 78' lang='lat' dir='ltr'><strong>tinere</strong></span> <span class='ocrx_word' id='word_1_194' title='bbox 204 2313 456 2394; x_wconf 84' lang='lat' dir='ltr'><strong>existimabatur.</strong></span> <span class='ocrx_word' id='word_1_195' title='bbox 528 2351 530 2354; x_wconf 94' lang='lat'>-</span> 
     </span>
    </p>

    <p class='ocr_par' dir='ltr' id='par_1_16' title="bbox 79 2396 1082 3575">
     <span class='ocr_line' id='line_1_28' title="bbox 163 2396 1082 2480; baseline 0.004 -18"><span class='ocrx_word' id='word_1_196' title='bbox 163 2396 236 2463; x_wconf 92' lang='lat' dir='ltr'><strong>Hoc</strong></span> <span class='ocrx_word' id='word_1_197' title='bbox 259 2397 392 2462; x_wconf 88' lang='lat' dir='ltr'><strong>crimine</strong></span> <span class='ocrx_word' id='word_1_198' title='bbox 419 2400 456 2463; x_wconf 88' lang='lat' dir='ltr'><strong>in</strong></span> <span class='ocrx_word' id='word_1_199' title='bbox 476 2397 626 2463; x_wconf 90' lang='lat' dir='ltr'><strong>contione</strong></span> <span class='ocrx_word' id='word_1_200' title='bbox 648 2398 690 2462; x_wconf 89' lang='lat' dir='ltr'><strong>ab</strong></span> <span class='ocrx_word' id='word_1_201' title='bbox 713 2396 852 2462; x_wconf 88' lang='lat' dir='ltr'><strong>inimicis</strong></span> <span class='ocrx_word' id='word_1_202' title='bbox 873 2397 1082 2480; x_wconf 70' lang='lat' dir='ltr'><strong>compella-4</strong></span> 
     </span>
     <span class='ocr_line' id='line_1_29' title="bbox 81 2479 1042 2566; baseline -0.002 -20"><span class='ocrx_word' id='word_1_203' title='bbox 81 2485 183 2548; x_wconf 86' lang='lat' dir='ltr'><strong>batur.</strong></span> <span class='ocrx_word' id='word_1_204' title='bbox 228 2482 286 2546; x_wconf 87' lang='lat' dir='ltr'><strong>sed</strong></span> <span class='ocrx_word' id='word_1_205' title='bbox 306 2483 449 2548; x_wconf 87' lang='lat' dir='ltr'><strong>instabat</strong></span> <span class='ocrx_word' id='word_1_206' title='bbox 469 2485 594 2566; x_wconf 87' lang='lat' dir='ltr'><strong>tempus</strong></span> <span class='ocrx_word' id='word_1_207' title='bbox 616 2479 656 2544; x_wconf 88' lang='lat' dir='ltr'><strong>ad</strong></span> <span class='ocrx_word' id='word_1_208' title='bbox 677 2480 798 2544; x_wconf 91' lang='lat' dir='ltr'><strong>bellum</strong></span> <span class='ocrx_word' id='word_1_209' title='bbox 811 2480 1042 2564; x_wconf 88' lang='lat' dir='ltr'><strong>proficiscendi.</strong></span> 
     </span>
     <span class='ocr_line' id='line_1_30' title="bbox 79 2565 1081 2650; baseline 0.001 -21"><span class='ocrx_word' id='word_1_210' title='bbox 79 2565 113 2630; x_wconf 88' lang='lat' dir='ltr'><strong>id</strong></span> <span class='ocrx_word' id='word_1_211' title='bbox 138 2566 195 2632; x_wconf 92' lang='lat' dir='ltr'><strong>ille</strong></span> <span class='ocrx_word' id='word_1_212' title='bbox 217 2566 348 2632; x_wconf 90' lang='lat' dir='ltr'><strong>intuens</strong></span> <span class='ocrx_word' id='word_1_213' title='bbox 369 2586 473 2650; x_wconf 90' lang='lat' dir='ltr'><strong>neque</strong></span> <span class='ocrx_word' id='word_1_214' title='bbox 494 2567 648 2650; x_wconf 80' lang='lat' dir='ltr'><strong>ignorans</strong></span> <span class='ocrx_word' id='word_1_215' title='bbox 670 2565 788 2629; x_wconf 79' lang='lat' dir='ltr'><strong>civium</strong></span> <span class='ocrx_word' id='word_1_216' title='bbox 809 2586 940 2630; x_wconf 88' lang='lat' dir='ltr'><strong>suorum</strong></span> <span class='ocrx_word' id='word_1_217' title='bbox 970 2585 1044 2630; x_wconf 90' lang='lat' dir='ltr'><strong>con·</strong></span> <span class='ocrx_word' id='word_1_218' title='bbox 1079 2589 1081 2592; x_wconf 92' lang='lat'>·</span> 
     </span>
     <span class='ocr_line' id='line_1_31' title="bbox 80 2647 1046 2735; baseline -0.004 -19"><span class='ocrx_word' id='word_1_219' title='bbox 80 2650 285 2716; x_wconf 85' lang='lat' dir='ltr'><strong>suetudinem</strong></span> <span class='ocrx_word' id='word_1_220' title='bbox 316 2649 515 2735; x_wconf 83' lang='lat' dir='ltr'><strong>postulabat,</strong></span> <span class='ocrx_word' id='word_1_221' title='bbox 549 2649 577 2713; x_wconf 93' lang='lat' dir='ltr'><strong>si</strong></span> <span class='ocrx_word' id='word_1_222' title='bbox 624 2647 681 2714; x_wconf 89' lang='lat' dir='ltr'><strong>uid</strong></span> <span class='ocrx_word' id='word_1_223' title='bbox 708 2647 747 2712; x_wconf 91' lang='lat' dir='ltr'><strong>de</strong></span> <span class='ocrx_word' id='word_1_224' title='bbox 773 2669 807 2714; x_wconf 85' lang='lat' dir='ltr'><strong>sa</strong></span> <span class='ocrx_word' id='word_1_225' title='bbox 834 2650 887 2735; x_wconf 79' lang='lat' dir='ltr'><strong>agi</strong></span> <span class='ocrx_word' id='word_1_226' title='bbox 914 2649 1046 2730; x_wconf 83' lang='lat' dir='ltr'><strong>vellent,</strong></span> 
     </span>
     <span class='ocr_line' id='line_1_32' title="bbox 80 2732 1043 2832; baseline -0.006 -32"><span class='ocrx_word' id='word_1_227' title='bbox 80 2735 188 2818; x_wconf 87' lang='lat' dir='ltr'><strong>potius</strong></span> <span class='ocrx_word' id='word_1_228' title='bbox 211 2735 250 2800; x_wconf 81' lang='lat' dir='ltr'><strong>de</strong></span> <span class='ocrx_word' id='word_1_229' title='bbox 265 2737 432 2832; x_wconf 84' lang='lat' dir='ltr'><strong>praesente</strong></span> <span class='ocrx_word' id='word_1_230' title='bbox 454 2733 598 2817; x_wconf 88' lang='lat' dir='ltr'><strong>quaestio</strong></span> <span class='ocrx_word' id='word_1_231' title='bbox 638 2734 796 2817; x_wconf 80' lang='lat' dir='ltr'><strong>aberetn,</strong></span> <span class='ocrx_word' id='word_1_232' title='bbox 819 2754 915 2819; x_wconf 90' lang='lat' dir='ltr'><strong>quam</strong></span> <span class='ocrx_word' id='word_1_233' title='bbox 927 2732 1043 2798; x_wconf 84' lang='lat' dir='ltr'><strong>absens</strong></span> 
     </span>
     <span class='ocr_line' id='line_1_33' title="bbox 81 2817 1075 2898; baseline -0.005 -15"><span class='ocrx_word' id='word_1_234' title='bbox 81 2819 222 2885; x_wconf 82' lang='lat' dir='ltr'><strong>invidias</strong></span> <span class='ocrx_word' id='word_1_235' title='bbox 237 2819 370 2883; x_wconf 78' lang='lat' dir='ltr'><strong>crimine</strong></span> <span class='ocrx_word' id='word_1_236' title='bbox 381 2821 595 2883; x_wconf 84' lang='lat' dir='ltr'><strong>accusaretur.</strong></span> <span class='ocrx_word' id='word_1_237' title='bbox 631 2817 754 2882; x_wconf 91' lang='lat' dir='ltr'><strong>inimici</strong></span> <span class='ocrx_word' id='word_1_238' title='bbox 775 2838 851 2882; x_wconf 88' lang='lat' dir='ltr'><strong>vero</strong></span> <span class='ocrx_word' id='word_1_239' title='bbox 873 2817 941 2881; x_wconf 88' lang='lat' dir='ltr'><strong>eius</strong></span> <span class='ocrx_word' id='word_1_240' title='bbox 956 2817 1075 2898; x_wconf 75' lang='lat' dir='ltr'><strong>quie-²</strong></span> 
     </span>
     <span class='ocr_line' id='line_1_34' title="bbox 81 2899 1043 2986; baseline -0.006 -19"><span class='ocrx_word' id='word_1_241' title='bbox 81 2903 234 2968; x_wconf 83' lang='lat' dir='ltr'><strong>scendum</strong></span> <span class='ocrx_word' id='word_1_242' title='bbox 254 2902 291 2966; x_wconf 89' lang='lat' dir='ltr'><strong>in</strong></span> <span class='ocrx_word' id='word_1_243' title='bbox 311 2902 487 2986; x_wconf 88' lang='lat' dir='ltr'><strong>praesenti,</strong></span> <span class='ocrx_word' id='word_1_244' title='bbox 514 2902 590 2984; x_wconf 91' lang='lat' dir='ltr'><strong>quia</strong></span> <span class='ocrx_word' id='word_1_245' title='bbox 610 2901 720 2967; x_wconf 89' lang='lat' dir='ltr'><strong>noceri</strong></span> <span class='ocrx_word' id='word_1_246' title='bbox 742 2901 772 2965; x_wconf 91' lang='lat' dir='ltr'><strong>ei</strong></span> <span class='ocrx_word' id='word_1_247' title='bbox 792 2921 860 2965; x_wconf 89' lang='lat' dir='ltr'><strong>non</strong></span> <span class='ocrx_word' id='word_1_248' title='bbox 880 2919 974 2983; x_wconf 91' lang='lat' dir='ltr'><strong>posse</strong></span> <span class='ocrx_word' id='word_1_249' title='bbox 996 2899 1043 2962; x_wconf 93' lang='lat' dir='ltr'><strong>in-</strong></span> 
     </span>
     <span class='ocr_line' id='line_1_35' title="bbox 80 2980 1044 3072; baseline -0.001 -22"><span class='ocrx_word' id='word_1_250' title='bbox 80 2986 293 3072; x_wconf 86' lang='lat' dir='ltr'><strong>tellegebant,</strong></span> <span class='ocrx_word' id='word_1_251' title='bbox 322 2990 354 3051; x_wconf 91' lang='lat' dir='ltr'><strong>et</strong></span> <span class='ocrx_word' id='word_1_252' title='bbox 381 2985 462 3052; x_wconf 88' lang='lat' dir='ltr'><strong>illud</strong></span> <span class='ocrx_word' id='word_1_253' title='bbox 482 2989 608 3068; x_wconf 87' lang='lat' dir='ltr'><strong>tempus</strong></span> <span class='ocrx_word' id='word_1_254' title='bbox 631 2982 878 3070; x_wconf 84' lang='lat' dir='ltr'><strong>exspectandum</strong></span> <span class='ocrx_word' id='word_1_255' title='bbox 900 2980 1044 3049; x_wconf 86' lang='lat' dir='ltr'><strong>decreve-</strong></span> 
     </span>
     <span class='ocr_line' id='line_1_36' title="bbox 80 3067 1042 3155; baseline -0.001 -20"><span class='ocrx_word' id='word_1_256' title='bbox 80 3073 165 3155; x_wconf 86' lang='lat' dir='ltr'><strong>rant,</strong></span> <span class='ocrx_word' id='word_1_257' title='bbox 188 3091 254 3155; x_wconf 88' lang='lat' dir='ltr'><strong>quo</strong></span> <span class='ocrx_word' id='word_1_258' title='bbox 277 3071 402 3155; x_wconf 85' lang='lat' dir='ltr'><strong>exisset,</strong></span> <span class='ocrx_word' id='word_1_259' title='bbox 424 3073 462 3136; x_wconf 89' lang='lat' dir='ltr'><strong>ut</strong></span> <span class='ocrx_word' id='word_1_260' title='bbox 475 3070 673 3135; x_wconf 88' lang='lat' dir='ltr'><strong>absentema</strong></span> <span class='ocrx_word' id='word_1_261' title='bbox 695 3067 912 3154; x_wconf 80' lang='lat' dir='ltr'><strong>grederentur,</strong></span> <span class='ocrx_word' id='word_1_262' title='bbox 934 3067 1042 3152; x_wconf 85' lang='lat' dir='ltr'><strong>itaque</strong></span> 
     </span>
     <span class='ocr_line' id='line_1_37' title="bbox 80 3151 1075 3240; baseline -0.001 -24"><span class='ocrx_word' id='word_1_263' title='bbox 80 3153 236 3220; x_wconf 79' lang='lat' dir='ltr'><strong>lecerunt.</strong></span> <span class='ocrx_word' id='word_1_264' title='bbox 284 3176 362 3220; x_wconf 87' lang='lat' dir='ltr'><strong>nam</strong></span> <span class='ocrx_word' id='word_1_265' title='bbox 393 3157 564 3240; x_wconf 86' lang='lat' dir='ltr'><strong>postquam</strong></span> <span class='ocrx_word' id='word_1_266' title='bbox 590 3155 626 3218; x_wconf 90' lang='lat' dir='ltr'><strong>in</strong></span> <span class='ocrx_word' id='word_1_267' title='bbox 655 3151 799 3238; x_wconf 78' lang='lat' dir='ltr'><strong>reiliam</strong></span> <span class='ocrx_word' id='word_1_268' title='bbox 832 3172 906 3216; x_wconf 91' lang='lat' dir='ltr'><strong>eum</strong></span> <span class='ocrx_word' id='word_1_269' title='bbox 956 3163 1075 3217; x_wconf 77' lang='lat' dir='ltr'><strong>ervo-s</strong></span> 
     </span>
     <span class='ocr_line' id='line_1_38' title="bbox 80 3235 1043 3323; baseline -0.003 -20"><span class='ocrx_word' id='word_1_270' title='bbox 80 3237 165 3303; x_wconf 85' lang='lat' dir='ltr'><strong>nisse</strong></span> <span class='ocrx_word' id='word_1_271' title='bbox 196 3238 414 3323; x_wconf 86' lang='lat' dir='ltr'><strong>crediderunt,</strong></span> <span class='ocrx_word' id='word_1_272' title='bbox 435 3239 627 3322; x_wconf 85' lang='lat' dir='ltr'><strong>absentem,</strong></span> <span class='ocrx_word' id='word_1_273' title='bbox 660 3235 746 3321; x_wconf 90' lang='lat' dir='ltr'><strong>quod</strong></span> <span class='ocrx_word' id='word_1_274' title='bbox 766 3255 857 3300; x_wconf 88' lang='lat' dir='ltr'><strong>sacra</strong></span> <span class='ocrx_word' id='word_1_275' title='bbox 873 3235 937 3301; x_wconf 72' lang='lat' dir='ltr'><strong>‘rio</strong></span> <span class='ocrx_word' id='word_1_276' title='bbox 1002 3240 1043 3319; x_wconf 90' lang='lat' dir='ltr'><strong>et,</strong></span> 
     </span>
     <span class='ocr_line' id='line_1_39' title="bbox 81 3319 1044 3408; baseline -0.004 -20"><span class='ocrx_word' id='word_1_277' title='bbox 81 3343 170 3388; x_wconf 88' lang='lat' dir='ltr'><strong>reum</strong></span> <span class='ocrx_word' id='word_1_278' title='bbox 192 3323 348 3389; x_wconf 90' lang='lat' dir='ltr'><strong>fecerunt.</strong></span> <span class='ocrx_word' id='word_1_279' title='bbox 399 3346 464 3408; x_wconf 84' lang='lat' dir='ltr'><strong>qua</strong></span> <span class='ocrx_word' id='word_1_280' title='bbox 490 3323 528 3388; x_wconf 89' lang='lat' dir='ltr'><strong>de</strong></span> <span class='ocrx_word' id='word_1_281' title='bbox 554 3343 589 3386; x_wconf 89' lang='lat' dir='ltr'><strong>re</strong></span> <span class='ocrx_word' id='word_1_282' title='bbox 616 3341 689 3386; x_wconf 92' lang='lat' dir='ltr'><strong>cum</strong></span> <span class='ocrx_word' id='word_1_283' title='bbox 716 3320 746 3385; x_wconf 92' lang='lat' dir='ltr'><strong>ei</strong></span> <span class='ocrx_word' id='word_1_284' title='bbox 772 3319 906 3385; x_wconf 87' lang='lat' dir='ltr'><strong>nuntius</strong></span> <span class='ocrx_word' id='word_1_285' title='bbox 933 3342 953 3384; x_wconf 90' lang='lat' dir='ltr'><strong>a</strong></span> <span class='ocrx_word' id='word_1_286' title='bbox 979 3341 1044 3384; x_wconf 89' lang='lat' dir='ltr'><strong>ma-</strong></span> 
     </span>
     <span class='ocr_line' id='line_1_40' title="bbox 81 3403 1043 3492; baseline -0.008 -17"><span class='ocrx_word' id='word_1_287' title='bbox 81 3407 219 3492; x_wconf 80' lang='lat' dir='ltr'><strong>gistratu</strong></span> <span class='ocrx_word' id='word_1_288' title='bbox 240 3408 277 3472; x_wconf 90' lang='lat' dir='ltr'><strong>in</strong></span> <span class='ocrx_word' id='word_1_289' title='bbox 291 3406 434 3473; x_wconf 79' lang='lat' dir='ltr'><strong>Siciliam</strong></span> <span class='ocrx_word' id='word_1_290' title='bbox 455 3407 569 3472; x_wconf 88' lang='lat' dir='ltr'><strong>missus</strong></span> <span class='ocrx_word' id='word_1_291' title='bbox 585 3408 683 3489; x_wconf 75' lang='lat' dir='ltr'><strong>&#39;earet</strong></span> <span class='ocrx_word' id='word_1_292' title='bbox 704 3409 742 3472; x_wconf 91' lang='lat' dir='ltr'><strong>ut</strong></span> <span class='ocrx_word' id='word_1_293' title='bbox 760 3403 890 3471; x_wconf 88' lang='lat' dir='ltr'><strong>domum</strong></span> <span class='ocrx_word' id='word_1_294' title='bbox 911 3403 952 3468; x_wconf 92' lang='lat' dir='ltr'><strong>ad</strong></span> <span class='ocrx_word' id='word_1_295' title='bbox 972 3424 1043 3468; x_wconf 87' lang='lat' dir='ltr'><strong>oau-</strong></span> 
     </span>
     <span class='ocr_line' id='line_1_41' title="bbox 80 3489 1044 3575; baseline -0.008 -16"><span class='ocrx_word' id='word_1_296' title='bbox 80 3513 148 3559; x_wconf 85' lang='lat' dir='ltr'><strong>sam</strong></span> <span class='ocrx_word' id='word_1_297' title='bbox 177 3491 345 3559; x_wconf 84' lang='lat' dir='ltr'><strong>dicendam</strong></span> <span class='ocrx_word' id='word_1_298' title='bbox 366 3490 499 3575; x_wconf 86' lang='lat' dir='ltr'><strong>rediret,</strong></span> <span class='ocrx_word' id='word_1_299' title='bbox 527 3493 671 3574; x_wconf 86' lang='lat' dir='ltr'><strong>essetque</strong></span> <span class='ocrx_word' id='word_1_300' title='bbox 693 3489 728 3554; x_wconf 91' lang='lat' dir='ltr'><strong>in</strong></span> <span class='ocrx_word' id='word_1_301' title='bbox 749 3503 868 3574; x_wconf 79' lang='lat' dir='ltr'><strong>magna</strong></span> <span class='ocrx_word' id='word_1_302' title='bbox 894 3507 950 3571; x_wconf 88' lang='lat' dir='ltr'><strong>spe</strong></span> <span class='ocrx_word' id='word_1_303' title='bbox 971 3507 1044 3571; x_wconf 88' lang='lat' dir='ltr'><strong>pro·</strong></span> 
     </span>
    </p>
   </div>
   <div class='ocr_carea' id='block_1_16' title="bbox 0 0 1241 3884">
    <p class='ocr_par' dir='ltr' id='par_1_17' title="bbox 0 0 1241 3884">
     <span class='ocr_line' id='line_1_42' title="bbox 0 0 1241 3884; baseline 0 0"><span class='ocrx_word' id='word_1_304' title='bbox 0 0 1241 3884; x_wconf 95' lang='lat' dir='ltr'><strong> </strong></span> 
     </span>
    </p>
   </div>
  </div>
 </body>
</html>
