2456 3884
330 277 389 325 xv,
427 279 688 330 permoneas.
709 278 785 330 ι-ι.
996 271 1035 336 61

66 414 104 478 in
127 434 240 478 eorum
262 412 371 477 locum
392 413 449 478 alii
468 419 631 498 praetores
653 418 886 500 successissent,
907 417 1066 504 Epamir

66 497 198 562 nondas
218 497 333 580 populi
353 498 434 562 scito
455 519 524 563 non
544 501 652 582 paruit
669 500 816 586 idemque
838 508 875 568 ut
895 502 1039 570 facerent

66 581 231 665 persuasit
250 579 334 645 colle
360 581 367 594 ’
406 585 439 646 et
459 582 598 664 bellum,
610 583 698 666 quod
715 591 906 671 susceperat,
928 589 1037 673 gessit.

66 686 211 748 namque
224 665 315 730 anim
357 665 509 746 vertebat,
530 667 594 731 nisi
612 667 647 732 id
667 668 804 753 fecisset,
825 674 930 736 totum
952 692 1039 737 exer·

68 750 172 813 citum
192 751 327 832 propter
347 753 531 833 praetorum
545 751 793 834 imprudentiam
814 754 973 820 inscitiam
996 777 1037 820 ue

68 833 149 898 belli
174 832 364 916 periturum.
401 833 536 899 laxarat
556 835 684 918 Thebis,
707 842 906 921 quaemcrte
922 777 1066 906 muita-t

68 919 136 1000 bat,
158 917 187 981 si
208 917 281 1000 quis
302 916 472 1001 imperium
493 918 612 984 diuhus
634 921 827 1005 retinuisset,
849 923 977 1006 quaml
1020 944 1037 987 e

69 1001 278 1086 praefinitum
292 999 386 1066 foret.
415 1001 499 1066 hanc
519 1001 760 1086 Epaminondas
774 1026 847 1071 cum
868 1007 916 1072 rei
933 1009 999 1091 pub
1014 1009 1038 1072 i·

70 1106 128 1150 cae
150 1084 386 1150 conservandae
412 1106 508 1151 causa
528 1086 628 1152 latam
648 1089 779 1173 videret,
801 1090 842 1154 ad
862 1092 1038 1174 perniciem

71 1170 215 1234 civitatis
236 1168 382 1234 consone
396 1169 504 1234 noluit
518 1175 550 1235 et
564 1175 716 1253 quattuor
728 1174 894 1239 mensibus
908 1175 1036 1257 diutius,

70 1275 174 1338 qnam
194 1253 330 1337 populus
352 1254 497 1338 iusserat,
519 1256 618 1339 gessit
638 1256 818 1340 imperium.

160 1336 334 1421 Postquam
348 1337 480 1403 domum
493 1338 633 1403 reditum
647 1343 704 1422 est,
726 1340 869 1437 collegae
890 1342 959 1406 eius
976 1342 1039 1408 hoc
1053 1343 1073 1407 8

71 1421 208 1486 crimine
229 1422 470 1489 accusabantun
536 1423 630 1488 uibus
650 1423 706 1488 ille
726 1425 887 1508 permisit,
913 1429 950 1491 ut
971 1447 1038 1491 om·

71 1527 148 1570 nem
170 1526 299 1570 causam
319 1507 356 1572 in
377 1527 410 1570 se
424 1444 638 1572 transierrent
658 1529 779 1592 suaque
797 1530 895 1594 opera
915 1508 1037 1576 factum

72 1588 319 1673 contenderent,
352 1593 389 1655 ut
420 1590 486 1676 legi
512 1611 580 1656 non
605 1591 801 1658 oboedirent.
843 1615 908 1678 qua
929 1595 1037 1659 defen·

3 1677 4 1698 ³
71 1675 164 1739 sione
198 1673 264 1738 illis
295 1674 440 1758 periculo
478 1674 621 1740 liberatis
651 1697 746 1775 premo
778 1675 1037 1760 Epaminondam

3 1921 5 1930 ,
70 1759 1065 1929 ttttttttitttttttuttstttt‘stdttttt2

71 1947 156 2010 quae
171 1927 344 1992 adversarii
365 1927 494 1991 crimini
516 1927 645 2010 dabant,
667 1927 848 2011 omniaque,
870 1948 952 2011 quae
973 1929 1037 1993 ool·

71 2011 165 2107 lagae
197 2010 357 2094 dixerant,
388 2011 553 2076 confessus
585 2017 635 2076 est
659 2031 765 2094 neque
790 2011 950 2076 reeusarit
971 2033 1036 2094 quo

70 2115 184 2158 minus
205 2094 284 2178 legis
304 2115 442 2178 poenam
463 2095 598 2179 subiret,
627 2094 683 2159 sed
710 2115 811 2160 unum
832 2096 873 2160 ab
895 2095 935 2160 iis
955 2097 1037 2179 peti·

71 2179 119 2243 rit
160 2178 253 2242 utin
279 2178 424 2262 sepulcro
452 2201 511 2244 auo
538 2179 764 2245 inscriberent:
793 2178 1065 2264 Epaminondase

4 2319 5 2322 ,
71 2227 281 2327 a'i'hebanis
315 2265 419 2328 morte
452 2263 607 2328 multatus
634 2269 698 2348 est,
732 2263 819 2348 quod
849 2285 904 2330 eos
930 2266 1038 2350 coegit

71 2345 159 2430 apud
179 2345 318 2412 Leuctra
339 2367 490 2430 superare
504 2346 782 2432 Lacedaemonios,
805 2368 885 2431 quos
906 2353 981 2413 ante
1003 2370 1037 2412 se

4 2459 6 2510 ς
71 2430 301 2514 imperatorem
320 2451 417 2496 nemo
440 2431 638 2496 Boeotorum
659 2451 755 2495 ausus
776 2431 819 2495 sit
839 2429 980 2512 aspicere
1002 2431 1037 2495 in

4 2517 6 2590 t
71 2515 149 2596 acie,
173 2515 322 2598 quodque
343 2536 410 2580 uno
431 2515 555 2600 proelio
570 2535 638 2579 non
659 2513 764 2578 solum
777 2512 904 2577 Thebas
925 2514 966 2579 ab
988 2514 1067 2578 ine

4 2597 6 2668 ἶ
71 2599 171 2662 teritu
203 2599 351 2682 retraxit,
381 2599 436 2664 sed
468 2600 565 2665 etiam
596 2597 780 2662 universam
809 2595 976 2662 Graeciam
1001 2599 1037 2663 in

4 2715 6 2752 ᾗ
71 2681 255 2746 libertatem
287 2681 464 2748 vindicavit
502 2703 604 2766 eoque
637 2703 688 2748 res
720 2686 867 2748 utrorum
888 2703 929 2747 ue
991 2703 1037 2746 er-

4 2759 6 2796 *
72 2765 180 2847 duxit,
213 2770 251 2830 ut
280 2765 427 2831 Thebani
449 2765 597 2851 Spartam
619 2771 860 2853 oppugnarent,
910 2705 988 2832 acad
1026 2802 1037 2814 -

71 2849 175 2912 monii
196 2850 274 2914 satis
301 2850 471 2935 heberent,
499 2851 527 2915 si
554 2850 635 2916 salvi
663 2872 730 2916 ease
757 2854 904 2935 possent,
930 2863 1065 2931 nequet

71 2934 163 3016 prius
184 2933 304 2998 bellare
327 2934 459 3018 destitit,
482 2955 579 3031 quam
593 2934 739 3000 Messene
756 2934 905 3029 restituta
925 2932 1038 2996 urbem

72 3037 186 3080 eorum
209 3017 375 3083 obsidione
400 3019 537 3084 clausit!
583 3019 664 3084 haec
684 3039 757 3082 eum
776 3016 925 3113 dimset,
953 3015 1037 3081 risus

72 3101 221 3164 omnium
242 3121 315 3167 enm
336 3103 499 3168 hilaritate
514 3105 643 3167 coortus
661 3106 718 3184 est,
739 3120 845 3184 neque
868 3121 1038 3184 quisquam

71 3184 168 3248 iudex
182 3205 278 3251 ausus
301 3190 350 3252 est
371 3188 410 3251 de
431 3207 470 3252 ec
491 3185 575 3250 ferre
590 3185 787 3271 suffragium.
824 3185 873 3249 sic
887 3206 907 3250 a
920 3183 1038 3250 iudicio

71 3268 186 3351 capitis
208 3271 349 3335 maxima
370 3270 514 3335 discessit
535 3270 648 3355 gloria.

156 3351 219 3417 Hic
250 3357 393 3418 extremo
424 3358 568 3438 tempore
598 3355 774 3438 imperator
805 3351 891 3438 apud
922 3351 1074 3418 Menti-9

71 3454 167 3499 neam
189 3457 262 3500 cum
283 3437 352 3502 acie
372 3438 529 3503 mmructa
551 3438 701 3503 audacius
723 3438 859 3503 instaret
879 3437 1036 3518 hostibus,

74 3522 222 3603 cognitus
249 3543 270 3585 a
293 3520 570 3608 Lacedaemoniis,
597 3523 685 3606 quod
712 3523 747 3588 in
774 3522 870 3586 unius
896 3519 1038 3603 pernicie
