2456 3884
186 251 230 316 60
443 265 501 312 xv.
538 256 847 310 uraumounasse.
870 253 895 306 r.

187 401 333 466 oratione
359 420 418 464 sua
444 398 547 462 multa
573 397 719 462 invectus
746 397 831 459 esset
860 395 896 458 in
923 393 1097 460 Thebanos
1125 401 1155 459 el

156 485 329 570 aArgivos
349 484 386 548 in
406 482 517 565 eisque
539 482 602 546 boc
622 480 796 564 posuisset,
824 478 967 543 animum
990 477 1155 543 advertere

187 569 301 634 debere
327 567 484 646 Arcades,
517 565 628 648 quales
657 568 795 648 utraque
821 562 934 628 civitas
964 563 1051 628 cives
1085 585 1156 647 pro·

186 655 338 733 creasset,
360 673 400 715 ex
422 651 538 734 quibus
560 648 599 713 de
622 648 735 713 ceteris
756 651 890 731 possent
909 645 1070 712 iudicare:
1098 651 1156 710 Ar·

221 757 279 801 vos
305 736 394 800 enirn
417 734 517 798 luisse
538 731 685 798 Orestem
707 735 740 798 at
760 731 990 796 Alcmaeonem
1018 731 1154 796 matrici·

186 756 219 884 d
245 869 253 899 ,
275 819 395 884 Thebis
416 816 576 902 Oedipum
597 820 718 899 natum,
741 816 798 898 qui
819 835 893 879 cum
914 818 1042 898 patrem
1064 837 1155 880 suum

157 903 416 982 ainteriecisset,
450 922 489 966 ex
515 905 617 967 matre
644 899 762 964 liberos
783 919 983 1047 procreasse:
1017 900 1098 964 huic
1123 901 1155 964 iu
1227 978 1228 993 χ

185 986 408 1071 respondendo
422 983 674 1084 Epaminondas,
696 1005 769 1048 cum
805 1005 823 1048 e
837 984 952 1047 ceteris
965 989 1155 1066 perorasset,

184 1075 356 1156 postquam
383 1069 424 1134 ad
451 1069 508 1134 rlla
533 1069 598 1133 duo
621 1067 796 1152 opprobria
815 1067 978 1152 pervenit,
1005 1067 1157 1131 admirari

186 1177 221 1220 se
242 1155 323 1220 dixit
344 1154 514 1220 stultitiam
534 1153 674 1218 rhetoris
701 1152 819 1235 Attici,
845 1152 904 1235 qui
923 1171 993 1215 non
1015 1151 1158 1216 animad-

186 1239 333 1321 verterit,
367 1240 556 1304 innocentes
588 1237 663 1301 illos
688 1239 783 1300 natos
817 1235 921 1317 domi,
958 1234 1078 1300 scelere
1104 1235 1158 1300 ad·

185 1324 284 1390 misso
312 1343 384 1388 cum
406 1323 511 1406 patria
539 1325 646 1387 essent
673 1320 812 1404 expulsi,
840 1322 987 1404 receptos
1016 1340 1087 1384 esse
1118 1320 1158 1384 ab

156 1405 450 1472 aAtbenieusibus.
493 1405 549 1470 sed
579 1405 717 1470 maxime
746 1404 814 1469 eius
841 1403 1024 1500 eloquentia
1051 1403 1160 1468 eluxit

186 1489 319 1572 Spartae
340 1489 440 1573 legati
467 1493 542 1552 ante
568 1509 712 1574 pugnam
738 1487 950 1554 Leuobrcam.
1013 1507 1159 1552 uocum

185 1573 331 1638 omnium
345 1572 507 1636 sociorum
520 1574 747 1637 convenissent
760 1571 869 1657 legati,
883 1592 992 1636 coram
1038 1591 1158 1655 equen-

184 1657 308 1721 tissimo
335 1656 535 1742 legationum
561 1659 724 1720 conventu
750 1655 797 1720 sic
826 1655 1155 1720 Lacedaemoniorum

184 1740 388 1824 tyrannidem
414 1739 576 1825 coarguit,
610 1743 647 1804 ut
681 1759 748 1806 nou
778 1739 885 1804 minus
915 1739 973 1826 illa
1008 1739 1155 1804 oratione

186 1846 262 1910 opes
285 1845 396 1890 eorum
417 1823 613 1890 concusserit
627 1845 725 1907 quam
738 1823 907 1890 Leuctrica
927 1841 1048 1922 pugna.
1086 1828 1154 1888 tum

185 1907 834 2076 {assectarentur
856 1913 895 1972 ‘¹‘
915 1907 1036 1972 Μ
1059 1907 1156 1972 Lu

151 2073 169 2138 ’i
269 2075 382 2144 lluisse
407 2077 584 2159 patientem
611 2097 805 2172 suorumque
831 2075 966 2140 iniurias
994 2074 1154 2140 terentem
1225 2111 1227 2154 ἶ

184 2160 318 2304 lclivium,
353 2161 441 2244 quod
458 2180 507 2256 ,se
538 2159 660 2256 patriae
681 2159 777 2224 irasci
804 2158 896 2224 nefas
923 2159 1155 2306 ⁰⁸⁸⁸.‘¹¹¹.⁰({,¹⁰i

183 2261 269 2390 stt
289 2245 711 2410 :tt‘sttttlztstt
723 2247 1157 2410 stistittittst

1224 1905 1227 1984 l

1225 2061 1227 2098 l

185 2409 325 2476 delectus
353 2409 431 2476 belli
458 2410 640 2495 imperitus,
672 2412 763 2476 cuius
789 2431 896 2476 errore
923 2432 962 2476 co
990 2414 1075 2475 esset
1102 2411 1155 2474 de·
1226 2479 1227 2486 χ

185 2494 281 2560 ducta
307 2495 365 2559 illa
389 2495 562 2565 multitudo
588 2495 746 2578 militum,
772 2500 810 2562 ut
842 2515 954 2560 omnes
980 2493 1019 2559 de
1050 2494 1156 2559 salute

183 2580 460 2724 pertimescerent,
491 2579 578 2662 quod
610 2580 755 2643 locorum
787 2579 946 2663 angustiis
978 2579 1078 2643 clausi
1113 2580 1156 2642 ab

208 2661 331 2726 ostibus
358 2661 603 2745 obsidebantur,
625 2663 797 2728 desiderari
817 2667 933 2746 coepta
953 2667 1003 2728 est
1022 2661 1156 2746 Epami·
1226 2733 1227 2736 Ἴ

183 2744 310 2811 nondae
341 2745 523 2830 diligentia:
556 2747 738 2811 eratenim
771 2747 818 2811 ibi
844 2747 990 2831 privatus
1016 2767 1156 2811 numero

154 2831 307 2896 rmilitis.
344 2851 364 2894 a
385 2849 450 2913 quo
471 2849 543 2894 curn
565 2833 714 2914 peterent
733 2851 837 2928 opem,
859 2831 982 2895 nullam
1004 2829 1159 2894 adhibuit
1226 2879 1227 2882 η

184 2915 372 2982 memoriam
386 2914 599 2980 contumelias
614 2920 648 2978 et
667 2918 842 2980 exercitum
856 2914 1023 2980 obsidione
1038 2914 1157 2978 libera·

155 3001 257 3064 atum
271 3000 401 3064 domum
415 2998 543 3063 reduxit
556 2998 758 3064 incolumem.
795 3019 855 3064 neo
876 3019 952 3063 vcro
975 2999 1039 3063 hoo
1054 2999 1157 3062 semel

185 3080 271 3162 fecit,
293 3083 349 3148 sed
370 3085 505 3168 saepius.
549 3084 687 3146 maxime
708 3085 815 3146 autem
836 3083 901 3147 fuit
920 3081 1056 3164 illustre,
1079 3103 1157 3146 curn
1225 3085 1227 3148 ξ

184 3163 226 3232 in
241 3163 499 3262 Peloponnesum
521 3166 696 3231 exercitum
715 3164 859 3234 duxisset
872 3165 1034 3230 ,adversus
1056 3164 1157 3230 Lace·
1225 3195 1226 3208 κ

184 3246 370 3313 daemonica
398 3249 593 3334 haberetque
615 3250 755 3335 collegas
782 3249 878 3335 duos,
907 3271 1047 3333 quorum
1070 3249 1160 3313 alter
1225 3291 1226 3316 3

183 3335 253 3396 arat
266 3329 345 3395 Pelo
369 3332 446 3414 idas,
470 3334 520 3398 vir
541 3334 635 3400 fortis
650 3355 687 3398 ac
701 3340 859 3398 strenuus.
895 3333 931 3398 hi
952 3354 1026 3398 cum
1048 3334 1158 3397 crimi-

183 3416 279 3482 nibus
352 3417 565 3481 versariorum
598 3439 710 3484 omnes
737 3419 773 3482 in
804 3417 959 3482 invidiam
987 3419 1159 3482 venissent
1225 3447 1226 3490 ;

183 3501 226 3565 ob
248 3519 381 3583 eamque
402 3518 471 3562 rem
491 3500 662 3584 imperium
682 3503 724 3568 iis
745 3506 828 3567 esset
841 3503 1033 3588 abrogatum
1054 3508 1158 3586 atque
1224 3509 1226 3536 ³
