2456 3884
1 1674 2 1681 κ
104 1649 191 1712 pune
205 1629 321 1708 faeere,
343 1627 500 1709 fidemque

389 235 462 282 xiv.
495 234 667 299 narinus.
688 227 781 280 9—11,
1022 221 1065 285 55

90 374 166 456 ipse
190 372 371 452 consuerat,
393 369 500 433 iussit:
527 369 595 451 ipse
618 372 724 434 autem
747 372 862 434 ornatu
883 369 1070 452 vestituque*

2 489 10 498 ·
91 455 235 520 militari
256 455 342 518 inter
364 453 505 536 eorporis
527 451 672 517 custodes
684 453 745 518 iter
759 454 863 518 facere
879 453 993 536 coepit.
1030 459 1095 518 etr

91 539 316 618 insidiatores,
337 557 395 620 pos
413 619 414 622 Ἴ
433 558 507 601 uam
521 536 557 600 in
570 557 643 600 eum
658 537 763 602 locum
778 557 895 622 agmen
908 538 1065 620 pervenit,

93 623 228 706 decepti
256 622 368 687 ordine
398 643 417 684 a
453 641 493 685 ue
526 621 643 686 vestitu
669 622 824 704 impetum
851 621 886 684 in
918 641 992 685 eum
1019 621 1066 685 fa-

95 709 208 790 ciunt,
237 707 294 790 qui
321 708 504 788 suppositus
533 708 609 768 erat.
664 705 867 788 praedixerat
893 709 1002 769 autem
1026 705 1066 768 iis

96 791 266 873 Datames,
289 811 363 853 cum
384 789 500 872 quibus
521 788 583 852 iter
603 787 750 871 faciebat,
776 791 813 852 ut
832 789 937 872 parati
959 793 1066 853 essent

98 876 217 956 lacere,
241 873 329 956 quod
348 873 454 955 ipsum
475 871 637 937 vidissent.
681 874 759 957 ipse,
781 877 818 936 ut
839 876 1094 938 concurrentese

99 958 309 1022 insidiatores
336 956 479 1020 animum
507 955 644 1020 advertit
651 1005 660 1038 ,
682 956 747 1021 tela
774 957 809 1019 in
836 977 892 1020 eos
919 957 1065 1022 coniecit

100 1044 166 1106 hoc
200 1041 285 1106 idem
315 1060 387 1105 cum
414 1039 557 1104 universi
583 1039 749 1124 fecissent,
805 1040 970 1122 riusquam
997 1062 1066 1123 per·

100 1126 253 1190 venirent
284 1123 326 1189 ad
351 1145 439 1207 eum,
470 1145 565 1206 quem
594 1123 725 1208 aggredi
751 1062 916 1206 videbant,
950 1124 1067 1188 confixi

101 1209 324 1274 conciderunt.
916 1263 920 1268 .

192 1291 255 1356 Hic
280 1298 388 1356 temen
415 1295 481 1355 tam
512 1290 646 1355 callidus
672 1292 722 1354 vir
748 1294 889 1356 extremo
921 1295 1065 1372 tempore
1078 1289 1116 1354 10
1192 1349 1193 1354 ,

101 1381 219 1460 captus
241 1380 288 1440 est
301 1373 507 1458 Mithridatis,
525 1375 752 1440 Ariobarzanis
767 1375 835 1457 lilii,
857 1374 942 1438 dolo.
977 1396 1066 1438 nam·

102 1481 167 1546 que
193 1462 223 1524 is
249 1460 413 1544 pollicitus
440 1462 489 1523 est
508 1459 578 1542 regi
605 1479 734 1523 seeum
754 1458 1012 1542 interfecturum,
1038 1459 1066 1523 si

103 1546 137 1609 ei
157 1565 213 1609 rex
227 1545 441 1627 permitteret,
463 1545 500 1607 ut
514 1542 740 1688 quodcumque
762 1543 860 1690 vlqllet
878 1542 1066 1690 licerthipr·

536 1647 606 1690 eea
619 1648 654 1690 re
668 1647 756 1691 mors
798 1647 941 1692 erearum
976 1647 993 1690 e
1030 1649 1067 1691 ra

103 1711 252 1776 dedisset.
287 1711 389 1792 ‚hanc
421 1714 458 1774 ut
488 1711 610 1793 aceepit
637 1733 656 1773 a
682 1731 716 1774 re
740 1731 756 1774 e
784 1711 927 1792 missam,
956 1711 1094 1792 copiast

1 1817 2 1910 q
104 1801 200 1880 parat
220 1799 254 1860 et
276 1797 390 1859 absens
410 1794 584 1860 amicitiam
610 1814 683 1858 cum
735 1797 839 1857 aterne
860 1792 953 1875 facit,
981 1795 1066 1940 regis

104 1880 289 1962 provincias
310 1882 414 1962 vexat,
436 1878 568 1974 castella
584 1880 755 1974 expugnat,
777 1897 911 1973 magnas
932 1898 1010 1960 prae
1032 1899 1067 1940 as

1 1974 2 2019 i
105 1964 203 2047 capit,
225 1985 359 2046 quarum
380 1965 498 2059 partim
519 1983 586 2025 suis
607 1960 762 2107 d1spertrt,
783 1963 901 2042 parum
916 1960 956 2024 ad
969 1959 1067 2024 Data

105 2068 184 2110 men
204 2046 317 2128 mittit,
343 2068 415 2130 pan
442 2045 537 2110 modo
565 2066 657 2128 comp
672 2065 730 2108 ura
750 2043 880 2112 castella
907 2044 936 2107 ei
958 2043 1065 2128 nadis,

1 2147 2 2180 ³
106 2131 189 2193 haec
210 2130 264 2193 diu
285 2129 428 2194 faciendo
449 2130 607 2212 persuasit
626 2128 751 2194 homini
775 2150 809 2192 se
830 2127 992 2193 infinitum
1013 2127 1096 2192 ads

106 2234 217 2277 versus
238 2233 346 2298 regem
372 2213 545 2296 suscepisse
565 2213 700 2296 bellurn,
729 2234 802 2276 cum
830 2211 932 2277 nihilo
954 2213 1067 2296 magis,

1 2319 2 2382 j
108 2318 150 2360 ne
177 2318 274 2380 quam
295 2297 508 2393 suspicionem
529 2297 578 2361 illi
598 2298 767 2380 praeberet
787 2297 991 2378 insidiarum,
1013 2317 1067 2360 ne-

109 2402 170 2464 que
202 2381 399 2462 colloquium
426 2382 494 2444 eius
520 2381 635 2463 petivit
660 2399 765 2476 neque
798 2381 834 2442 in
861 2383 1068 2462 conspectum

109 2465 217 2528 venire
239 2464 370 2528 studuit.
406 2464 451 2529 sic
465 2464 579 2528 absens
601 2463 773 2528 amicinam
788 2461 927 2546 gerebat,
949 2465 986 2525 ut
999 2482 1067 2526 non

111 2548 270 2612 benefieiis
291 2548 426 2631 mutuis,
448 2546 503 2611 sed
524 2547 686 2611 communi
703 2545 792 2628 odio,
815 2544 900 2628 quod
922 2563 999 2630 erga
1019 2565 1067 2610 re·

110 2652 181 2716 gem
203 2634 422 2715 susceperant,
445 2632 602 2696 contineri
623 2630 815 2695 viderentur.

191 2715 231 2780 Id
251 2737 323 2780 cum
344 2715 421 2779 satis
436 2737 469 2779 se
484 2716 686 2780 confirmasse
703 2715 874 2779 arbitratus
889 2717 981 2796 asset,
1003 2735 1068 2778 cer·
1079 2715 1113 2778 ll

110 2798 226 2863 tiorem
245 2799 325 2864 facit
338 2798 506 2882 Datamen,
528 2803 654 2883 tempus
669 2820 736 2864 esse
754 2799 890 2863 maiores
912 2797 1068 2861 exereitus

110 2884 216 2964 parari
244 2887 277 2948 et
302 2883 423 2946 bellum
450 2884 618 2966 cumipse
644 2903 720 2968 rege
747 2883 879 2964 suscipi,
907 2881 1008 2963 deque
1031 2900 1069 2944 ea

109 2987 158 3046 re,
180 2967 208 3030 si
236 2967 266 3030 ei
292 2965 466 3049 videretur,
495 2987 558 3049 quo
580 2967 651 3031 loco
674 2966 788 3047 vellet,
816 2965 851 3027 in
873 2963 1068 3045 colloquium

0 3075 1 3084 ¹
109 3049 242 3114 veniret.
301 3050 438 3133 probata
469 3071 503 3112 re
539 3048 742 3132 colloquendi
773 3054 898 3130 tempus
930 3047 1068 3112 sumitur

109 3132 273 3216 locusque,
305 3153 369 3216 quo
397 3133 628 3198 conveniretur.
673 3131 737 3196 huc
766 3129 967 3195 Mithridates
994 3144 1097 3196 cums

109 3237 187 3297 nno,
217 3216 269 3280 oui
296 3216 434 3280 maxime
455 3217 594 3282 habebat
617 3216 726 3298 fidem,
754 3219 829 3280 ante
856 3214 980 3298 aliquot
1001 3216 1068 3280 dies

108 3300 197 3364 venit
218 3299 498 3384 compluribusque
519 3301 598 3365 locis
619 3300 790 3384 separatim
816 3298 939 3385 gladios
961 3300 1069 3364 obruit

109 3404 207 3466 eaque
229 3385 301 3449 loca
315 3383 486 3468 diligenter
500 3389 601 3450 notat
638 3385 708 3468 ipso
723 3387 830 3448 autem
843 3383 996 3466 colloquii
1017 3382 1068 3446 die

112 3468 250 3552 utrique,
277 3469 384 3533 locum
412 3469 466 3551 qui
489 3469 692 3552 explorarent
718 3472 813 3552 atque
840 3469 927 3552 ipsos
949 3469 1069 3530 seruta-
