2456 3884
370 230 470 280 xvur.
511 231 680 284 numurus.
702 230 727 283 s.
749 233 774 283 o.
838 266 840 274 ,
1012 217 1050 284 77

70 368 243 434 sorbarios
266 367 438 431 rescituros
462 367 500 430 de
521 389 578 433 suo
601 369 740 434 adventu
746 420 755 453 ,
784 393 880 454 quam
901 373 969 455 ipse
991 377 1052 436 ter-

80 453 164 516 tiam
192 455 317 535 partem
345 449 536 515 confecisset
562 453 701 517 itineris:
735 454 785 518 sin
811 477 870 538 per
893 455 964 520 loca
985 457 1054 520 sola

82 535 309 617 contenderet,
345 555 363 598 s
384 534 494 598 erabat
521 556 554 598 se
581 535 816 618 imprudentem
842 538 968 603 hostem
998 527 1054 623 bp-

82 640 279 703 pressurum.
404 617 489 682 hanc
520 640 588 682 rem
621 621 850 685 conficiendam
881 623 1081 706 imperarit?

85 725 183 786 quam
204 701 362 785 plurimos
384 705 472 765 utres
494 705 591 784 atque
612 705 709 767 etiam
724 704 843 769 culleos
865 726 937 769 com
960 708 1052 788 arari,

86 790 162 870 post
191 787 271 848 haec
292 784 462 868 pabulum,
484 788 649 867 praetcrea
670 787 790 851 cibaria
811 793 902 852 cocta
955 792 1053 853 'erum

87 869 207 951 decem,
229 873 268 932 ut
289 889 385 951 quam
406 868 539 932 minime
560 869 653 933 ficret
673 871 758 955 ignis
779 871 816 935 in
835 873 956 937 castris.
993 873 1054 936 iter

88 952 294 1099 quofihabept,
307 971 418 1014 omnes
430 951 521 1016 celat.
549 953 595 1016 sic
609 957 749 1037 paratus,
761 975 824 1038 qua
835 956 1053 1040 constituerat,

111 1057 149 1100 ro
172 1056 246 1099 crsor
261 1057 309 1098 ur.
346 1086 348 1090 .

87 1059 110 1119 p
174 1117 353 1205 Dimidium
366 1117 434 1183 fere
450 1119 588 1202 spatium
604 1119 793 1203 confecerat,
817 1142 890 1186 cum
909 1143 948 1186 ex
964 1123 1054 1186 fumo
1070 1123 1091 1186 9

88 1206 266 1267 castrorum
282 1203 350 1266 eius
365 1203 504 1286 suspicio
520 1202 618 1266 allata
628 1207 677 1267 est
687 1203 726 1266 ad
737 1202 915 1268 Eumenem
928 1205 1055 1270 hostem
1084 1213 1090 1224 '

89 1285 359 1371 appropinquare.
408 1287 607 1350 conveniunt
628 1285 738 1350 duces:
769 1289 948 1372 quaeritur,
978 1288 1056 1372 quid

90 1391 173 1453 opus
205 1370 248 1434 sit
273 1370 370 1434 facto.
426 1370 659 1454 intellegebant
680 1391 791 1436 omnes
817 1375 884 1435 tani
911 1371 1056 1436 celeriter

93 1476 133 1518 co
154 1454 202 1518 ias
223 1455 367 1537 ipsorum
389 1453 538 1518 contrahi
552 1473 620 1517 non
634 1475 738 1538 posse,
761 1476 857 1538 quam
868 1456 1056 1541 'Antigonus

89 1560 111 1602 a
146 1541 259 1602 uturus
281 1536 456 1602 ridebatur.
492 1537 546 1600 hic
561 1537 708 1603 omnibus
725 1538 939 1605 titubantibus
962 1543 994 1604 et
1015 1539 1084 1604 dea

90 1622 187 1686 rebus
209 1621 344 1685 summis
366 1621 617 1705 desperantibus,
639 1620 799 1687 Eumenes
821 1625 876 1707 cit,
899 1625 926 1688 si
948 1624 1056 1703 celeri-

90 1709 191 1770 tatem
213 1705 318 1770 velint
339 1704 489 1769 adhibere
510 1708 544 1768 et
564 1705 721 1788 imperata
741 1706 856 1789 faeere,
879 1707 965 1788 quod
981 1711 1056 1769 ante

91 1811 159 1854 non
180 1788 327 1871 fecerint,
348 1810 383 1852 se
397 1809 465 1853 rem
480 1788 710 1872 expediturum.
746 1809 822 1852 nam
837 1788 924 1872 quod
946 1788 1056 1853 diebus

1 1889 2 1915 ³
91 1874 235 1957 quinque
263 1873 365 1938 hostis
395 1873 547 1936 transisse
576 1875 699 1956 posset,
728 1891 762 1935 se
792 1872 993 1955 effectuum,
1020 1876 1058 1936 ut

90 1977 161 2021 non
182 1957 289 2021 minus
303 1955 436 2021 totidem
452 1956 576 2020 dierum
590 1955 694 2038 spatio
709 1955 937 2019 retardaretur:
960 1976 1058 2038 quare

91 2041 316 2125 circumirent,
348 2061 420 2104 suas
452 2041 587 2123 quisque
619 2038 823 2103 contraheret
854 2039 971 2122 copias.
1015 2039 1085 2101 ade

91 2122 256 2206 Antigoni
270 2127 375 2187 autem
389 2123 616 2188 refrenandum
630 2123 785 2206 impetum
799 2122 863 2187 tale
884 2123 969 2206 capit
983 2143 1057 2186 oon-

93 2207 210 2273 silium.
247 2212 351 2271 certos
365 2207 467 2272 mittit
486 2207 633 2271 homines
649 2208 688 2270 ad
702 2207 830 2272 infimos
844 2211 980 2291 montes,
1002 2207 1058 2289 qui

1 2309 2 2371 j
95 2291 182 2356 obvii
206 2295 298 2355 erant
319 2291 428 2355 itineri
443 2291 706 2373 adversariorum,
728 2291 830 2374 iisque
844 2291 1002 2374 praecipit
1021 2296 1059 2354 ut

1 2423 2 2432 κ
92 2375 198 2458 prima
218 2378 328 2457 nocte,
352 2394 448 2457 quam
469 2375 623 2438 latissime
644 2373 785 2454 possint,
818 2375 837 2436 i'
877 2394 910 2437 es
937 2373 1059 2437 faciant

94 2480 190 2541 quam
217 2459 374 2522 maximos
403 2460 499 2540 atque
520 2457 581 2521 hos
603 2455 740 2521 secunda
766 2455 834 2540 vigi
848 2457 880 2518 ia
900 2456 1057 2536 minuant,

93 2542 189 2606 tertia
215 2542 406 2626 perexiguos
433 2540 582 2625 reddant,
610 2543 642 2604 et
669 2538 854 2603 assimulata
880 2543 1087 2602 castrorumr

1 2613 2 2632 ¹
95 2624 554 2708 consuetudinesuspioionem
573 2623 720 2687 iniiciant
740 2622 896 2706 hostibus,
918 2623 958 2687 iis
979 2623 1058 2687 locis

95 2730 162 2774 esse
184 2712 289 2773 castra
303 2729 340 2772 ac
362 2709 401 2772 de
416 2729 526 2773 eorum
541 2708 680 2771 adventu
698 2727 766 2772 csse
780 2707 1057 2790 praenuntiatum,

94 2793 250 2890 idemque·
271 2795 400 2874 postera
427 2795 523 2856 nocte
549 2790 678 2856 faciant.
724 2791 844 2887 quibus·
865 2791 1087 2873 imperatumo

93 2875 1059 3043 {dl,dedldufddltttlttdllelolath

95 3063 164 3107 esse
191 3041 335 3106 auditum
364 3046 396 3108 et
425 3040 622 3106 adversarios
653 3041 730 3103 illuc
765 3061 837 3104 suas
864 3039 1059 3104 contraxisse

94 3127 214 3209 copias.
258 3129 362 3192 mutat
388 3125 557 3190 consilium
584 3129 631 3206 et,
661 3122 813 3206 quoniam
841 3123 1088 3206 imprudenteso

95 3210 216 3274 adoriri
243 3231 311 3274 non
342 3213 460 3293 posset,
482 3209 583 3272 flectit
608 3209 669 3272 iter
702 3228 794 3272 suum
823 3211 855 3271 et
886 3207 978 3271 illum
1006 3229 1060 3271 an-

94 3294 234 3358 fractum
262 3295 443 3390 longiorem
471 3293 619 3389 copiosae
646 3291 717 3355 viae
739 3291 826 3438 capit
845 3291 954 3389 ibique
976 3291 1061 3354 diem

93 3375 1060 3544 dubldlldtdteuthboldusstlte

345 3739 360 3786 θ
