2456 3884
142 257 186 326 84
436 269 496 320 xx.
526 266 717 317 rmonnor.
738 263 814 314 a-a

142 410 267 474 donem
295 405 422 473 Siciliae
448 405 611 470 tenebant
660 403 746 488 cepit
778 405 874 468 etiam
901 403 1111 489 Mamercum,

65 587 68 596 Α
141 491 291 590 Italicum
312 490 449 638 lucelli
465 487 917 638 limmirimsirlfflsilgieglt
929 493 1111 573 potentem,

106 598 200 726 :iqm
221 581 472 734 zuriliirlimrebnl1
488 655 643 722 coniectis
664 677 738 722 cum
764 660 897 753 prqpter
917 621 1113 722 liuturnita·

142 749 209 810 tem
229 742 308 807 belli
328 763 397 807 non
411 741 516 806 solum
529 741 688 826 regiones,
710 741 878 804 sed-etlam
894 741 990 805 urbes
1006 741 1113 806 deser-

142 834 194 894 aa
215 826 348 910 rideret,
370 825 565 909 conquisivit
578 845 660 909 quos
677 823 795 908 potuit,
816 825 957 908 primum
972 823 1111 910 Siculos,

144 911 219 978 dein
245 910 403 976 Corintho
425 908 590 974 arcessivit
610 908 752 990 colonos,
775 906 862 990 quod
882 909 923 972 ab
946 909 985 974 iia
1012 910 1111 976 initio
1220 978 1221 981 ,

113 1010 129 1058 a
144 993 318 1079 Syracusae
333 997 425 1058 erant
439 992 596 1058 conditae.
632 993 756 1057 civibus
772 992 933 1057 veteribus
947 1015 1006 1058 sua
1018 997 1112 1060 resti-

142 1080 216 1163 tuit,
237 1077 332 1144 novis
352 1077 439 1142 bello
461 1077 662 1142 vacuefactas
682 1077 899 1160 possessiones
917 1077 1032 1160 divisit,
1055 1101 1109 1144 ur·

143 1164 234 1230 bium
254 1163 384 1227 moenia
405 1160 538 1226 disiecta
557 1161 695 1245 fanaque
715 1160 841 1225 deserta
854 1161 977 1244 refecit,
997 1162 1106 1226 civita·

142 1248 231 1313 tibur
251 1247 340 1332 leges
361 1246 605 1330 libertatemque
625 1244 776 1310 reddidit:
798 1266 838 1310 ex
859 1245 999 1310 maximo
1019 1246 1108 1312 bello

142 1335 270 1396 tantum
291 1331 395 1395 otium
415 1333 503 1396 totae
524 1329 648 1395 insulae
669 1329 868 1410 conciliavit,
895 1333 933 1393 ut
954 1329 1007 1393 hic
1033 1351 1110 1395 con·

144 1415 230 1480 ditur
250 1415 380 1480 urbium
401 1435 521 1496 earum,
541 1435 611 1479 non
630 1413 689 1497 illi,
710 1413 767 1496 qui
785 1413 879 1477 initio
901 1412 1109 1498 deduxerant,
1227 1476 1228 1479 ,

113 1500 316 1564 evideretur.
359 1497 514 1563 areemS
553 1505 556 1512 ’
589 1498 656 1562 usis
682 1517 779 1580 quem
805 1497 965 1560 munierat
985 1496 1112 1596 Diony-

141 1583 208 1648 sius
235 1582 276 1647 ad
301 1583 415 1647 urbem
437 1581 507 1645 obsi
529 1581 659 1664 endam,
687 1603 707 1644 a
734 1580 952 1645 fundamentis
974 1580 1110 1666 disiecit,

143 1671 248 1732 cetera
268 1665 450 1750 tyrannidis
476 1664 718 1762 propugnacula
739 1664 910 1729 demolitus
932 1665 1110 1763 cattedit

114 1753 454 1902 iiiia-ipfflteii
469 1771 571 1899 Ἥ
591 1749 1107 1916 ἑζᾞῖεεῗιῶοῗῑὴῖιῖῗῂιῗῇἕῖξ

143 1920 256 1984 invitia
277 1920 436 2004 imperare
455 1920 579 2003 posset,
606 1920 733 1981 tantum
754 1919 861 2002 autem
890 1939 1032 1982 amorem
1053 1919 1110 1983 ha-

143 2002 235 2068 beret
256 2004 402 2069 emnium
419 2001 610 2083 Siculorum,
631 2004 668 2064 ut
680 1999 768 2064 nullo
784 2004 951 2066 recusante
971 2023 1109 2087 regnum

144 2087 299 2170 obtinere,
320 2087 435 2152 maluit
456 2106 490 2149 ee
512 2084 603 2168 diligi
625 2105 721 2228 auam
743 2085 852 2148 metui.
896 2085 1017 2168 itaque,
1032 2107 1108 2152 cum

143 2170 282 2251 primum
304 2170 420 2250 potuit,
442 2168 611 2248 imperium
649 2169 777 2248 eposuit
797 2189 835 2232 ac
854 2168 996 2252 privatus
1010 2167 1106 2251 Syra-

113 2251 244 2332 tcuaia,
273 2251 357 2331 quod
384 2248 543 2330 reliqum
565 2249 649 2312 vitae
670 2249 748 2333 fuit,
771 2251 861 2316 vixit.
905 2273 1003 2336 neque
1023 2273 1125 2318 vero·

103 2411 108 2420 ¹
143 2333 177 2399 id
205 2333 353 2416 imperite
378 2331 471 2398 fecit:
503 2352 580 2406 nem
611 2333 699 2418 quod
730 2337 839 2400 ceteri.
855 2356 945 2418 reges
969 2337 1107 2418 imperic

166 2420 334 2501 otuernnt,
367 2417 419 2483 hic
445 2416 672 2498 benevolentia
700 2419 814 2482 tenuit.
868 2419 977 2486 nullus
1002 2419 1111 2486 honor

106 2505 109 2510 ’
142 2441 220 2568 luic
246 2501 365 2585 demit,
391 2523 496 2586 neque
523 2505 635 2586 postea
660 2521 711 2566 res
738 2501 805 2566 ulla
832 2501 997 2587 Syracusis
1041 2509 1111 2570 esta

145 2589 195 2650 ast
214 2585 359 2667 publice,
382 2585 420 2649 de
442 2606 506 2668 qua
526 2586 616 2667 prius
637 2587 680 2650 sit
700 2584 863 2650 decretum
883 2607 980 2670 quarn
1001 2524 1111 2654 limo-

115 2681 131 2728 e
145 2668 264 2734 leontia
285 2669 446 2732 sententia
459 2669 599 2750 cognita.
635 2669 756 2737 nullius
770 2690 924 2753 umquam
937 2672 1112 2738 consilium

144 2775 213 2821 non
244 2751 338 2816 mode
365 2750 559 2834 antelatum,
586 2752 643 2815 sed
668 2773 710 2816 ne
731 2757 952 2837 comparatum
979 2756 1112 2838 quidem

145 2844 203 2905 est
246 2856 351 2920 neque
377 2832 412 2899 id
439 2834 543 2918 magis
569 2835 637 2899 eius
660 2837 886 2902 benevolentia
911 2838 1034 2902 tactum
1062 2844 1113 2906 est

145 2945 242 3008 quam
263 2919 442 3006 prudentia.
1138 2985 1142 2994 ,

115 3007 137 3068 4
229 3005 293 3070 Hic
313 3027 387 3071 eum
408 3005 512 3069 aetate
534 3003 598 3068 iem
624 3007 795 3087 provectus
819 3010 917 3088 earet,
944 3006 1014 3070 aine
1042 3007 1112 3072 ullo

49 3105 53 3114 '
144 3090 258 3154 morbo
280 3088 404 3154 lumine
425 3087 591 3154 oculorum
612 3087 728 3153 amisit.
777 3111 874 3171 quem
895 3089 1113 3168 calamitatem

144 3173 191 3237 ita
212 3168 375 3237 moderate
397 3172 491 3255 tulit,
518 3174 556 3235 ut
580 3192 685 3256 neque
714 3193 788 3238 eum
809 3177 996 3256 querentem
1023 3175 1115 3256 quis·

146 3276 243 3339 quam
265 3254 418 3338 audierit,
439 3275 545 3339 neque
566 3275 605 3318 ec
627 3255 733 3320 minus
754 3256 888 3339 privatis
909 3257 1114 3340 publicisque

116 3342 241 3404 erebus
262 3337 455 3403 interfuerit.
492 3338 643 3402 veniebat
661 3341 768 3404 autern
789 3342 824 3403 in
843 3340 1014 3424 theatrum,
1036 3361 1115 3406 eum

146 3423 192 3484 ibi
213 3418 386 3484 concilium
406 3419 519 3500 populi
540 3421 721 3504 haberetur,
743 3444 802 3504 pro
825 3427 876 3488 ter
893 3423 1115 3490 valetudinem

147 3505 257 3566 uectus
278 3501 430 3562 iumentis
451 3501 585 3581 iunctis,
613 3506 708 3583 atque
730 3505 776 3568 ita
798 3445 1005 3570 ‹le-vehiculo
1028 3528 1115 3590 quae
