2456 3884
369 249 447 298 1111.
484 249 697 302 morenos.
720 248 796 304 1-3.
1022 241 1063 304 tt

94 381 269 481 Olynthios
292 386 326 447 et
339 381 514 466 Byzantios
529 385 615 450 bello
638 387 775 470 subegit
812 383 944 451 Samum
965 389 1064 470 cepit:

93 489 129 532 m
152 489 218 552 quo
233 467 453 553 oppugnando
467 469 625 552 superiori
645 469 731 535 bello
745 469 960 535 Athenienses
975 472 1064 536 mille
1202 497 1204 502 ⁸

94 555 128 616 et
143 567 187 615 cc
201 552 324 616 talenta
345 557 618 650 consumpserant,
640 553 674 618 id
694 554 750 618 ille
771 555 840 619 sine
854 555 922 618 nlla
935 554 1065 701 publica

93 636 242 718 impensa
262 635 385 719 populo
407 637 557 702 restituit
594 636 745 702 adversus
760 637 877 704 Cotum
894 638 935 702 be
948 639 981 702 la
995 658 1065 723 ges·

93 719 137 782 sit
157 719 200 782 ab
215 739 319 802 eoque
333 718 422 784 mille
443 722 477 784 et
492 735 534 784 cc
548 721 671 786 arena
684 721 821 805 praedae
842 723 878 786 in
898 722 1064 818 publicum

94 802 229 866 rettulit.
275 801 425 884 Cyzicum
453 802 621 868 obsidione
647 803 805 869 liberavit.
849 806 1093 870 Ariobarzanis

94 885 191 951 simul
213 906 288 950 cum
302 885 455 970 Agesilao
472 887 592 952 auxilio
607 887 771 971 profectur
786 891 848 952 est:
870 911 891 952 a
911 910 1064 972 quocum

94 969 181 1034 Loco
203 969 374 1052 pecuniam
387 974 589 1035 numeratam
605 972 789 1055 accepisset,
810 972 866 1036 ille
881 972 966 1036 cives
988 993 1064 1038 suos

94 1053 175 1137 dgro
198 1056 295 1134 atque
316 1053 448 1118 urbibus
475 1055 586 1139 sugeri
612 1055 728 1120 meluit
749 1076 845 1138 quam
867 1055 900 1120 id
928 1077 1062 1138 sumere,

95 1137 188 1202 cuius
231 1140 333 1201 artem
355 1136 485 1203 domum
507 1159 597 1202 suam
617 1138 702 1204 ferre
722 1143 839 1222 posset.
883 1139 992 1222 itaque
1013 1161 1063 1204 ac·

96 1221 185 1303 cepit
251 1220 374 1286 'thoten
396 1225 429 1286 et
449 1221 586 1287 Sestum.

183 1303 271 1368 Idem
292 1305 385 1402 classi
405 1305 587 1388 praefectus
608 1305 848 1371 circumvehens
862 1304 1099 1404 Peloponnet

96 1387 1063 1624 {rescripsissesssusgpr

99 1574 162 1637 que
188 1555 273 1620 idem
300 1555 447 1620 adrunnt
471 1555 637 1640 Epirotes,
670 1558 885 1641 Athamanas,
1002 1579 1062 1622 nas

99 1659 208 1703 omnes
230 1661 272 1703 ue
294 1659 347 1704 eas
368 1644 490 1724 gentes,
513 1661 594 1723 quae
615 1662 703 1706 mare
717 1641 797 1704 illud
811 1641 967 1707 adiacent.
996 1653 1092 1738 quos

97 1721 183 1787 facto
277 1723 457 1788 edacmonii
483 1723 523 1788 de
550 1723 675 1788 diutina
701 1726 908 1790 contentione
935 1726 1065 1789 destite-

4 1847 6 1884 ,
97 1809 175 1870 runt
205 1810 239 1872 et
265 1828 325 1871 sua
351 1812 466 1890 sponte
487 1807 739 1872 Atheniensibus
760 1809 887 1904 imperii
908 1808 1062 1872 maritimi

3 1931 5 1964 ,
97 1890 315 1973 principatum
336 1896 571 1973 concesserunt,
591 1911 765 2038 pacemgue
786 1891 826 1955 irs
844 1891 968 1976 legibus
989 1911 1064 1956 con·

97 1973 287 2057 stituerunt,
314 1979 351 2039 ut
371 1975 585 2040 Athenienses
606 1975 688 2038 mari
729 1995 804 2040 uces
826 1978 941 2039 essent
981 1993 1093 2058 quac⁴

97 2057 237 2120 victoris
255 2061 362 2122 tantm
383 2058 446 2122 fnit
467 2059 584 2124 Atticis
602 2058 753 2142 loetitiae,
774 2061 812 2123 nt
831 2061 901 2122 tum
921 2058 1063 2156 primum

98 2161 174 2204 arae
189 2139 265 2205 Paci
285 2142 413 2225 publice
434 2143 500 2207 sint
520 2142 624 2208 factae
646 2143 739 2227 eique
759 2142 836 2207 deae
850 2144 1000 2227 pulvmar
1021 2142 1064 2206 sit

96 2224 291 2289 institutum.
328 2226 418 2291 cuins
432 2225 536 2290 laudis
557 2229 594 2291 ut
612 2227 767 2291 memoria
785 2232 939 2310 maneret,
954 2227 1091 2292 'limo-³

95 2307 174 2373 theo
193 2309 322 2392 publice
342 2313 481 2375 statuam
502 2310 537 2373 in
558 2309 630 2374 foro
651 2315 839 2392 posuerunt.
879 2311 935 2394 qni
956 2311 1062 2375 honos

97 2391 173 2456 huic
204 2393 263 2456 uni
294 2395 369 2456 ante
399 2393 433 2456 id
464 2397 591 2477 tempus
618 2389 770 2476 contigit,
798 2397 850 2474 ut,
877 2414 950 2456 cum
976 2393 1062 2474 patri

95 2475 236 2558 populus
260 2479 400 2540 statuam
423 2477 599 2560 posuisset,
626 2475 694 2539 filio
715 2495 844 2559 quoque
867 2475 965 2540 daret.
1016 2475 1062 2539 sic

97 2559 188 2622 iuxta
220 2560 327 2656 posita
356 2580 467 2624 recens
501 2559 561 2624 filii
591 2562 731 2623 veterem
761 2558 862 2642 patris
894 2559 1064 2624 renovavit

95 2663 295 2708 memoriam.

3 2737 5 2760 ²
181 2725 244 2790 Hic
265 2748 338 2792 eum
353 2731 437 2792 essct
449 2747 568 2812 magno
582 2730 661 2792 natu
684 2730 717 2790 et
728 2726 936 2812 magistratus
950 2745 1060 2810 gerere
1076 2723 1099 2788 3

96 2809 240 2893 desisset,
253 2810 340 2876 bello
355 2810 570 2876 Athenienses
584 2810 662 2876 undi
685 2831 725 2874 ue
739 2811 843 2894 premi
857 2813 933 2874 sunt
946 2809 1060 2891 coepti.

95 2892 258 2958 defecerat
279 2891 408 2978 Samus,
436 2894 590 2959 descierat
613 2831 860 2990 Hedespontus,
880 2891 1060 2988 Philippus,

94 2976 162 3041 iam
187 2975 257 3041 tum
288 2979 414 3061 valens,
446 2979 548 3042 multe
573 2977 781 3041 moliebaturr
810 2996 862 3040 cu1
894 2979 1061 3058 oposrtus

95 3058 218 3125 Chares
245 3081 318 3126 curn
345 3065 443 3144 esset,
469 3082 537 3125 non
567 3061 644 3124 satis
670 3060 706 3123 in
733 3079 772 3124 eo
821 2996 949 3124 raesidi
969 3065 1061 3143 puta·

93 3144 200 3208 batur.
233 3144 271 3208 fit
284 3143 490 3210 Menestheus
503 3148 642 3227 praetor,
659 3143 745 3207 tilius
766 3143 804 3228 Ip
831 3143 946 3226 ‘cratis
961 3165 1060 3229 gener
1073 3155 1090 3204 r

93 3225 274 3310 Timothei,
296 3231 343 3326 et,
365 3231 402 3293 ut
423 3228 464 3292 nd
483 3227 604 3293 bellum
618 3227 847 3312 proficiscatur,
869 3227 1058 3296 decernitur.

92 3309 171 3374 huic
191 3311 228 3376 in
249 3311 420 3376 consilium
433 3310 551 3376 dantur
565 3312 628 3376 duo
650 3333 711 3376 usu
729 3311 950 3396 sapientiaque
970 3332 1060 3395 prac-

92 3397 234 3479 stantes,
265 3392 415 3482 [uorum
442 3395 577 3460 consilio
605 3395 760 3480 uteretur]
793 3399 885 3480 peter
906 3399 940 3459 et
961 3414 1059 3476 socer,

47 3535 51 3542 .
93 3478 183 3562 quod
212 3477 250 3544 in
308 3479 316 3493 ‘
358 3483 450 3544 tante
477 3484 546 3545 erat
566 3479 755 3562 auctoritas,
785 3483 823 3543 ut
842 3495 961 3560 magna
987 3495 1059 3558 spes
