2456 3884
190 289 232 354 36
518 302 567 348 rx.
594 296 720 349 conor.
743 297 817 345 a-e.

191 438 447 586 moglodifungarss
496 436 620 519 itaque,
650 455 731 518 quae
759 435 834 500 huic
863 435 1005 516 volebat,
1035 434 1158 519 scripta

155 612 177 672 4
279 605 400 680 Quibus
422 625 461 668 co¹
506 604 560 668 itis
581 624 638 667 rex
651 606 778 672 tautum
792 603 981 666 auctoritate
997 603 1065 666 eius
1089 623 1158 667 mo·

191 693 329 772 tuaest,
351 691 390 753 ut
409 692 442 752 et
455 623 702 771 dnusaphemem
723 687 849 752 hostem
870 685 1020 750 iudicarit
1041 690 1075 751 et
1097 686 1158 751 ha-

191 773 414 838 oedaemonios
435 772 520 836 bello
542 791 634 854 perse
657 771 691 836 ui
713 770 842 836 iusserit
862 774 895 834 et
921 771 951 834 ei
972 771 1158 854 permiserit

192 878 287 941 quem
308 857 407 921 vellet
427 856 544 941 eligere
567 855 607 920 ad
632 793 876 938 dispensandam
921 855 1078 920 couniam.
1122 855 1157 921 id

191 941 359 1006 arbitrium
381 940 496 1007 Conon
509 940 642 1024 negavit
655 940 705 1003 sui
726 960 794 1004 esse
815 959 892 1003 cons
920 939 950 1020 '',
973 938 1055 1002 sedi
1079 940 1155 1024 sius,

192 1026 247 1109 qui
270 1025 390 1108 optime
411 1045 486 1089 suos
499 1044 594 1088 nosse
609 1023 747 1106 deberet,
769 1021 824 1087 sed
845 1043 879 1086 se
900 1021 1032 1086 suadere
1055 961 1156 1088 Phar·

131 1123 178 1180 ga
192 1110 315 1175 nabazo
337 1108 372 1172 id
385 1108 509 1193 negotii
527 1108 625 1172 daret.
662 1107 737 1170 hinc
751 1107 877 1191 magnis
898 1107 1085 1171 muneribus
1101 1105 1156 1174 do-

191 1197 287 1258 natus
308 1192 350 1257 ad
370 1213 457 1256 mare
479 1195 527 1256 est
541 1192 665 1273 missus,
687 1194 724 1254 ut
738 1189 864 1274 Cypriis
884 1194 917 1253 et
937 1189 1155 1258 Phoenicibus

192 1279 305 1342 ceteris
327 1298 368 1341 ue
394 1276 562 1340 maritimis
590 1275 772 1340 civitatibus
793 1295 891 1338 naves
911 1273 1025 1358 longas
1055 1276 1155 1360 impe-

188 1364 278 1426 raret
304 1299 514 1442 blaesemque,
547 1380 610 1441 qua
636 1359 782 1442 proxima
809 1361 928 1422 aestate
955 1379 1039 1422 mare
1067 1363 1155 1424 tueri

191 1447 314 1540 posset,
336 1445 544 1526 temperaret,
567 1442 641 1506 dato
663 1441 808 1506 adiutore
829 1440 1045 1524 Pharnabazo,
1067 1443 1156 1508 sicut

162 1541 261 1610 eipso
287 1526 441 1591 voluerat
490 1524 524 1588 id
545 1528 582 1589 ut
603 1525 863 1590 Lacedaemoniis
889 1529 937 1590 est
957 1526 1154 1611 nuntiatum,

192 1632 261 1675 non
282 1611 351 1674 sine
373 1631 450 1674 cura
463 1630 532 1674 rem
547 1608 785 1693 administrant,
809 1609 895 1692 quod
908 1609 1011 1673 maius
1032 1611 1154 1680 bellum

192 1695 359 1759 imminere
377 1694 623 1776 arbitrabantur,
646 1715 742 1776 quam
761 1694 789 1757 si
810 1713 883 1757 cum
897 1693 1032 1758 barbaro
1048 1695 1153 1759 solum

191 1779 430 1844 contenderent.
466 1800 543 1843 nam
558 1777 670 1842 ducem
691 1777 823 1858 fortem,
844 1777 1035 1860 prudentem
1056 1780 1153 1864 regiis

192 1863 308 1947 opibus
322 1863 545 1947 praefuturum
566 1883 603 1926 ac
624 1881 732 1926 secum
746 1861 969 1926 dimicaturum
991 1861 1152 1945 ridebant,

213 1969 288 2012 uem
308 1967 413 2031 neque
435 1946 569 2011 consilio
591 1967 696 2030 neque
718 1945 818 2029 copiis
840 1967 988 2029 superare
1009 1952 1151 2030 possent.

162 1969 255 2096 thee
275 2035 382 2095 mente
403 2053 436 2094 m
502 2052 554 2094 am
568 2029 765 2094 contrahunt
778 2030 926 2094 classem:
948 2031 1152 2126 proficiscun-
1224 2029 1225 2058 ³

190 2119 245 2178 tur
265 2113 421 2178 Pisandro
465 2133 532 2177 uce.
575 2113 635 2177 hos
657 2111 773 2177 Conon
794 2113 878 2197 apud
902 2112 1041 2179 Gnidum
1062 2115 1152 2181 ador-

191 2201 244 2262 tus
371 2217 391 2260 o
418 2195 542 2279 proelio
564 2194 666 2280 fugat,
688 2197 805 2261 multas
825 2218 924 2262 naves
946 2199 1041 2282 capit,
1068 2221 1152 2265 com·

190 2216 479 2365 plurffirimit.
529 2299 592 2361 qua
606 2280 753 2376 ‘victoria
779 2302 847 2345 non
868 2281 972 2346 solum
994 2283 1151 2365 Athenae,

191 2364 248 2430 sed
264 2364 362 2430 etiam
376 2368 491 2429 cuncta
502 2362 645 2448 Graecla,
660 2383 743 2447 quae
757 2366 816 2429 sub
827 2365 1152 2432 Lacedaemoniorum

162 2450 299 2514 elueret
320 2449 470 2532 imperio,
496 2448 632 2512 liberata
653 2451 710 2513 est.
754 2447 964 2514 Coroneum
1007 2455 1075 2515 arte
1097 2474 1152 2517 na·

136 2580 139 2586 -
192 2533 281 2597 rium
308 2534 344 2596 in
364 2533 502 2616 patriam
529 2533 631 2614 venit,
659 2552 768 2596 muros
795 2531 917 2597 dirutos
940 2556 959 2597 a
984 2473 1152 2617 hysandro

192 2619 355 2712 utrosque,
378 2620 410 2679 et
430 2615 536 2679 Piraei
558 2617 590 2678 et
611 2615 827 2698 Athenarum,
853 2617 1041 2683 reficiendos
1062 2627 1154 2684 curat

191 2719 407 2783 pecuniaeque
414 2699 657 2796 ,quinquaginta
669 2699 801 2778 talenta,
813 2721 895 2782 quaa
909 2722 928 2764 a
942 2699 1153 2767 Pharnabazo

155 2783 517 2950 5mepdbaciditclhhbibl,s
538 2783 744 2932 sribsdddtlehis
765 2868 963 2952 mortalibus,
986 2873 1022 2934 ut
1042 2870 1154 2935 incon·

192 2952 360 3018 sideratior
380 2951 416 3016 in
437 2971 534 3015 secun
596 2973 693 3034 quam
706 2971 742 3014 ιιι
756 2950 889 3016 adversa
910 2958 992 3019 esset
1010 2953 1154 3019 fortuna.

191 3055 268 3098 nam
290 3035 389 3101 classe
410 3034 719 3120 Peloponnesiorum
740 3034 874 3119 demota
899 3057 971 3101 cum
992 3038 1098 3102 ultum
1120 3060 1157 3102 se

191 3117 326 3182 iniurias
347 3120 468 3202 patriae
489 3123 625 3204 putaret,
647 3120 741 3202 plura
763 3121 947 3204 concupivit
968 3143 1065 3206 quam
1086 3121 1157 3187 effi-

163 3207 263 3266 acere
285 3203 401 3284 potuit.
443 3225 548 3288 neque
568 3208 678 3268 tamen
700 3224 738 3267 ea
757 3225 826 3268 non
852 3205 907 3289 pia
934 3209 966 3270 et
986 3207 1157 3290 probanda

195 3284 333 3366 fuenmt,
356 3286 441 3367 quod
455 3289 562 3370 potius
583 3288 706 3370 patriae
729 3308 806 3372 opes
822 3290 935 3374 augeri
948 3311 1044 3372 quam
1065 3293 1156 3376 regis

194 3369 315 3433 maluit.
359 3389 435 3432 nam
457 3390 528 3435 cum
549 3393 582 3435 m
715 3373 938 3438 auctoritatem
960 3373 1021 3437 sibi
1043 3395 1157 3460 pugna

190 3454 248 3518 illa
268 3452 386 3536 navali,
408 3474 503 3535 quarn
525 3476 588 3537 apu
624 3454 763 3520 Gnidum
783 3455 911 3539 fecerat,
934 3457 1158 3524 constituisset

191 3559 259 3602 non
280 3537 386 3600 solum
400 3536 485 3599 inter
501 3537 662 3618 barbaros,
685 3538 740 3602 sed
756 3540 851 3604 etiam
874 3561 984 3606 omnes
1000 3539 1158 3608 Graeciae
