2456 3884
175 285 217 348 '14
452 294 553 343 xum.
576 289 757 340 -ruuauas
778 285 804 336 ι
825 285 850 335 s.

175 435 281 518 magis
303 453 342 497 ex
353 429 479 529 proelio
494 427 637 503 excessit,
661 425 716 490 sed
730 425 834 489 uerius
848 423 996 489 hostibus
1012 424 1150 491 institit.

146 520 231 582 uhic
262 514 422 600 equitibus
453 512 647 607 profligetis,
684 509 853 606 interiecto
884 507 963 604 duce
998 507 1150 590 Cratero,

175 601 285 667 multis
305 601 472 682 praeterea
492 599 526 660 et
546 615 684 658 mamma
698 591 863 658 nobihbus
878 595 979 675 capt1s
993 591 1152 676 pedester

175 684 347 764 exercitus,
392 679 457 745 uod
478 679 514 742 in
535 699 573 742 ea
593 679 665 742 loce
687 679 756 741 eret
778 675 944 758 deductus,
973 680 1012 740 ut
1037 675 1149 740 invito

174 769 319 833 Eumene
333 765 385 830 cla
406 765 418 828 i
439 783 508 828 non
521 765 639 846 posset,
661 781 774 843 pacem
796 761 836 824 eb
851 779 890 824 eo
905 758 1007 842 petiit.
1045 771 1149 842 quem

176 871 249 916 eum
270 850 480 933 impetrasset,
503 846 538 910 in
558 845 621 908 fide
641 864 709 908 non
724 842 845 907 mansit
867 846 900 907 ct
921 863 964 926 se,
985 843 1086 906 simul
1108 865 1149 906 ac

146 935 297 1018 spotuit,
325 932 365 997 ad
385 932 596 1014 Antipatrum
617 928 746 1010 recepit.
789 925 951 992 Eumenes
973 925 1149 992 Craterum

98 1025 109 1034 ”
174 1039 214 1082 ex
236 1017 303 1081 acie
325 1015 515 1080 semivivum
538 1013 657 1076 elatum
679 1029 822 1074 recreare
848 1008 985 1075 studuit:
1013 1029 1088 1074 curn
1111 1011 1150 1074 id

173 1121 243 1166 non
261 1103 386 1198 posset,
413 1119 473 1183 pro
501 1096 643 1161 hominis
671 1094 828 1178 dignitate
854 1113 914 1176 pro
938 1115 978 1158 ue
1002 1094 1148 1177 pristina

174 1185 317 1249 amicitia
352 1202 491 1265 namque
513 1180 570 1244 illo
592 1199 669 1243 usus
696 1181 766 1242 eret
786 1177 912 1241 Alexan
997 1178 1068 1242 uiro
1090 1177 1146 1242 '‘la-

174 1184 356 1353 milieriterg
379 1265 486 1349 amplo
508 1265 622 1327 funere
642 1261 761 1326 extulit
781 1279 917 1345 esseque
938 1261 974 1325 in
995 1260 1146 1326 Macedo-

175 1354 264 1416 nium
285 1351 379 1415 uxori
400 1351 470 1414 eius
491 1369 529 1412 ac
550 1347 660 1411 liberis
681 1345 814 1409 remisit

139 1436 161 1498 5
258 1434 348 1498 Haec
377 1434 454 1497 dum
480 1431 566 1514 apud
594 1429 839 1512 Hellespontum
867 1432 1038 1514 geruntur,
1065 1427 1146 1492 Per-

175 1519 279 1581 diccas
312 1517 398 1599 apud
418 1514 531 1580 Nilum
558 1514 678 1577 flumen
699 1513 891 1577 interficitur
912 1534 932 1577 a
953 1511 1088 1578 Seleuco
1110 1517 1147 1576 et

174 1601 339 1684 Antigene
363 1617 534 1681 rerumque
549 1617 674 1661 summe
695 1597 736 1660 ud
757 1596 967 1694 Antipatrum
988 1595 1144 1660 defertur.

174 1685 228 1749 hic
249 1685 305 1768 qui
327 1649 540 1764 deseruerant,
563 1681 704 1745 exercitu
726 1681 912 1764 suffragium
934 1680 1068 1763 ferente,
1090 1701 1144 1744 ca-

174 1769 252 1852 pitis
273 1769 421 1832 absentes
435 1766 638 1848 damnantur,
660 1765 695 1828 in
717 1764 768 1828 his
790 1763 960 1828 Eumenes.
1002 1763 1064 1828 ltac
1086 1764 1144 1828 ille

175 1852 349 1999 fercuggus·
369 1852 466 1999 plage
478 1865 554 1996 {on
575 1848 876 1995 shrcculrluitneque·
889 1861 927 1946 eo
950 1847 1142 1996 seciustllrgll·

189 1956 245 1998 um
306 1949 998 1999 mmrrev1.seexresresenrm1me
1131 1968 1142 1980 ·

145 2029 265 2101 anem,
288 2019 349 2083 etsi
369 2038 438 2082 non
458 2015 660 2114 frangebant,
681 1947 1141 2113 tamenuminuebuntgdllrunc

175 2121 370 2264 suut
383 2103 1142 2266 rimer

146 2265 487 2433 ,tutus
508 2264 796 2445 totusue
814 2267 1045 2416 uum
1060 2283 1143 2414 si:

175 2454 269 2534 pore,
298 2455 376 2532 ‘cum
405 2433 493 2498 cons'
511 2433 540 2532 ’.ο
574 2455 645 2516 capr
677 2454 745 2498 non
777 2438 917 2580 {osset-
932 2428 1143 2534 multitudine

175 2521 448 2665 tfflttlttt
470 2518 839 2686 ttttmtttglt?
862 2531 1144 2686 &tutte

145 2621 329 2768 epdiiatur,
358 2683 515 2767 confugit.
558 2684 593 2746 in
615 2704 680 2766 quo
702 2703 776 2747 cum
796 2684 1082 2751 circumsederetur
1111 2690 1147 2752 et

175 2769 351 2849 vereretur,
373 2787 415 2830 ne
436 2787 502 2832 uno
524 2766 596 2830 loco
618 2786 753 2831 manens
775 2782 874 2852 equos
895 2769 1051 2835 mitteres
1073 2788 1147 2855 per-

175 2851 274 2935 deret,
299 2849 385 2935 quod
400 2851 538 2935 spatium
559 2865 628 2915 non
641 2854 724 2915 esset
738 2851 891 2937 egituudi,
906 2853 1059 2919 callidum
1080 2854 1148 2919 fuit

176 2937 244 3000 eius
265 2936 444 3018 inventum,
467 2933 736 3017 quemadmodum
757 2939 845 3000 stens
867 2936 1048 3002 iumentum
1068 2957 1146 3001 con-

176 3019 296 3082 calfieri
318 3019 653 3116 exercerique-posset,
675 3040 739 3103 quo
756 3019 909 3085 libentius
932 3025 966 3085 et
986 3021 1059 3085 cibo
1074 3024 1146 3084 ute·

146 3104 266 3163 eretur
293 3105 326 3165 et
358 3125 379 3166 a
405 3123 548 3186 corporrs
576 3106 669 3166 motu
699 3121 768 3168 nou
797 3109 1023 3170 removeretur.
1069 3105 1146 3168 sula
1221 3111 1222 3116 ’

177 3183 355 3267 stringebat
390 3189 487 3269 ceput
521 3185 591 3250 loro
628 3186 740 3269 ultius,
777 3206 890 3270 quem·
908 3193 946 3252 ut
980 3189 1145 3272 prioribus
1221 3263 1222 3274 ,

176 3265 311 3350 pedibus
332 3267 426 3349 plene
448 3274 567 3334 terram
618 3274 703 3334 osset
728 3271 902 3357 attingere,
930 3272 1145 3356 deindepost
1221 3285 1222 3296 ³

177 3348 361 3416 verberibus
382 3352 519 3435 cogebat
540 3291 682 3417 exaitare
704 3358 737 3418 et
757 3355 859 3420 calces
880 3356 1058 3420 remittere:
1085 3357 1145 3438 qui
1220 3413 1222 3444 ,

177 3439 283 3500 motus
307 3453 375 3498 non
402 3435 508 3500 minus
536 3435 684 3500 sudorem
711 3439 904 3517 excutiebat,
956 3460 1029 3502 uem
1056 3438 1145 3503 siin

148 3520 283 3604 espetic
307 3517 495 3582 decurreret.
550 3540 614 3600 quo
641 3519 763 3584 fectum
785 3525 848 3605 est,
879 3456 964 3606 qudi
992 3521 1144 3586 omnibus
1220 3525 1222 3608 ξ
