2456 3884
139 245 142 250 ’
197 245 237 312 16
487 261 535 311 rv.
567 259 769 310 rausrrrrs.
793 256 816 306 1.
836 256 861 308 2.

470 496 534 575 IV.
586 496 866 574 PAUSANIAS.
933 483 962 499 '²

160 648 176 714 1
278 639 453 712 Pausanias
486 646 754 712 Lacedaemonius
787 667 923 734 magnus
955 648 1069 733 homo,
1102 649 1157 716 aad
1199 661 1201 692 ¹

194 732 301 797 varius
322 732 461 798 inomni
483 751 599 816 genere
620 731 705 796 vitae
727 731 804 796 flur:
826 753 903 796 nam
924 735 962 796 ui
982 733 1156 799 virtutibus
1199 737 1201 786 ἒ

194 816 309 899 eluxit,
337 817 383 880 sic
410 815 498 880 viliis
524 819 573 880 est
599 816 741 880 obrutus.
788 816 883 880 huius
904 815 1156 882 illustrissimum
1200 861 1201 864 κ

163 902 244 964 aest
264 899 423 983 proelium
445 898 531 982 apud
552 899 707 964 Plataeas.
744 920 883 982 namque
905 899 962 964 illo
978 899 1058 965 duce
1073 899 1157 966 Mar-

126 1031 131 1037 .
194 983 489 1082 doniu·s‚·sal1apes
502 983 624 1131 replum
646 983 778 1048 natione
793 981 920 1068 Medus,
941 984 1028 1082 regis
1048 1005 1156 1070 gener,

193 1088 563 1248 iilifflmuma
575 1087 716 1215 {salli
738 1069 898 1247 {iffi
911 1067 1008 1236 filil
1027 1073 1157 1218 lull

194 1234 325 1320 legerat,
348 1240 381 1300 el
402 1253 452 1300 xx
474 1238 618 1319 eqmtum
638 1233 725 1299 haud
744 1238 792 1299 uta
812 1257 845 1299 m
910 1257 931 1300 a
945 1258 1043 1300 manu
1059 1236 1156 1302 Grae·
1200 1279 1201 1284 κ

164 1321 263 1384 aciae
284 1320 415 1405 fugatus
438 1323 494 1403 est,
516 1340 618 1415 eoque
632 1319 700 1402 ipse
715 1318 779 1382 dux
793 1319 859 1384 ceci
884 1321 908 1385 'l
920 1321 1051 1403 proelio.
1091 1343 1158 1402 qua

194 1404 331 1467 victoria
363 1403 464 1467 elatus
495 1403 634 1486 plunma
664 1403 796 1466 miscere
828 1404 936 1487 coepil
969 1407 1001 1474 ul
1030 1404 1157 1470 maiora

193 1487 448 1569 concupiscere..
481 1485 537 1549 sed
558 1486 702 1569 ¹primum
731 1486 767 1549 in
792 1507 831 1550 eo
859 1492 907 1553 esi
933 1485 1155 1572 reprehensus,

193 1568 279 1652 quod
302 1590 340 1632 ex
362 1567 480 1653 praeda
500 1567 659 1652 tripodem
687 1590 818 1634 aureum
839 1569 975 1655 Delphis
996 1573 1156 1656 posuisset

193 1651 428 1737 epigrammate
448 1653 619 1736 inscripto,
647 1653 682 1716 in
704 1674 768 1736 quo
789 1653 869 1718 haec
891 1659 960 1720 eral
980 1657 1154 1722 sententia:

64 1729 69 1744 ’
193 1758 251 1802 suo
274 1737 371 1802 ductu
392 1737 545 1802 barbaros
566 1736 653 1820 apud
672 1736 819 1806 Plataeas
841 1759 909 1803 esse
931 1738 1052 1805 deletos
1075 1741 1155 1806 eius·

163 1833 181 1882 4
196 1841 258 1905 que
278 1821 431 1887 victoriae
446 1841 521 1918 ergo
536 1821 683 1904 Apollini
697 1821 817 1886 donum
838 1822 969 1888 dedisse.
1006 1826 1066 1889 hos
1088 1845 1155 1889 ver·

194 1926 248 1970 sus
262 1903 507 1970 Lacedaemonii
528 1906 769 1989 exsculpserunt
789 1926 892 1989 neque
914 1906 1002 1972 aliud
1023 1909 1156 1992 scripse·

193 1992 271 2054 runt
291 2011 388 2073 quam
409 1991 542 2054 nomina
563 2011 672 2054 aarum
687 1990 861 2075 civilalum,
883 2012 1019 2074 quarum
1034 1993 1155 2058 auxilio

194 2073 310 2138 Persae
332 2077 426 2138 eranl
445 2074 531 2138 vicli,

156 2156 178 2222 2
278 2155 358 2220 Post
377 2155 412 2220 id
431 2156 595 2239 proelium
604 2156 740 2222 eundern
754 2156 942 2222 Pausaniam
963 2177 1036 2221 oum
1052 2159 1157 2225 classe

193 2239 356 2305 communi
378 2238 519 2322 Cyprum
540 2242 636 2322 atque
658 2235 1095 2326 Hellespontummiserunl,
1118 2249 1158 2309 ut

191 2345 232 2388 ox
264 2323 315 2388 his
339 2323 528 2408 regionibus
553 2323 760 2395 barbarorum
786 2323 943 2406 praesidia
968 2323 1156 2408 depellerel.

163 2409 265 2494 upari
278 2407 431 2472 felicitate
449 2407 486 2471 in
507 2429 545 2472 ea
565 2428 599 2472 re
621 2429 697 2472 usus
721 2408 834 2473 elatius
855 2429 890 2474 se
933 2429 1021 2473 erere
1047 2413 1158 2494 coepit

194 2493 393 2575 maioresque
420 2495 569 2575 appetere
597 2513 657 2558 res.
707 2513 783 2556 nam
811 2513 884 2557 cum
911 2429 1073 2576 Pyranlio
1102 2516 1158 2559 ex·

193 2578 337 2658 pugnaio
360 2575 496 2657 cepissel
516 2576 694 2658 complures
714 2574 884 2640 Persarum
903 2577 1036 2658 nobiles
1057 2583 1157 2662 alque

194 2659 228 2724 in
249 2657 289 2722 iis
310 2658 485 2724 nonnullos
511 2658 596 2742 regis
622 2660 836 2744 propinquos,
863 2659 925 2725 hos
952 2661 1034 2726 clam
1053 2661 1157 2728 Xerxi

193 2743 324 2826 remisit,
346 2741 500 2806 simulans
510 2763 554 2806 ex
568 2742 682 2806 vinclis
695 2743 831 2826 publicis
846 2744 1005 2830 effugisse,
1027 2749 1059 2810 ec
1079 2767 1157 2811 cum

194 2828 233 2894 iis
249 2826 434 2913 Gongylum
449 2825 674 2910 Eretriensem
698 2827 753 2911 qui
774 2826 898 2892 litteras
912 2830 982 2914 regi
998 2827 1155 2912 redderet,
1192 2845 1196 2848 ·

194 2913 229 2977 in
272 2913 366 2977 uibus
393 2911 472 2975 haec
498 2909 597 2973 fuisse
621 2911 740 2993 scripta
760 2909 960 2995 Thucydides
981 2914 1156 2979 memoriae

163 3005 180 3053 a
194 3007 253 3079 pro
279 2996 349 3061 'dilz
373 2994 568 3075 ‘Pausanias
581 2992 645 3057 dux
656 2992 798 3079 sparus,
811 3016 891 3078 quos
904 2994 1055 3079 Byzantii
1065 3018 1157 3081 cepe·

193 3081 253 3159 rat,
274 3083 445 3162 postquam
466 3077 665 3162 propinquos
679 3081 752 3142 luos
766 3079 929 3164 cognovit,
951 3080 1013 3145 cibi
1028 3083 1157 3147 muneri

194 3161 283 3224 misil
303 3181 400 3257 seque
421 3166 528 3228 tecum
555 3160 712 3226 affinitate
738 3163 892 3250 coniungi
914 3165 1017 3247 cupii:
1045 3185 1155 3248 quare,

162 3243 223 3309 usi
249 3243 310 3307 libi
330 3243 470 3328 udatur,
498 3245 553 3310 des
581 3247 612 3309 ei
632 3245 732 3310 filiam
758 3249 848 3311 luam
869 3251 1016 3330 nuptum.
1066 3248 1101 3312 id
1127 3251 1157 3314 si

191 3325 320 3411 feceris,
349 3330 382 3391 el
403 3325 550 3410 Spartam
578 3332 611 3393 et
631 3333 768 3394 ceteram
790 3330 957 3397 Graeciam
983 3333 1043 3398 sub
1064 3335 1155 3399 ruam

216 3413 384 3476 oteslatem
415 3431 449 3475 se
481 3411 652 3476 adiuvante
680 3417 714 3478 te
745 3411 947 3480 redacturum
972 3415 1154 3501 pollicetur.

164 3549 167 3557 .
218 3494 243 3560 's
265 3493 304 3558 de
325 3495 420 3560 rebus
441 3496 469 3560 si
491 3494 569 3578 quid
589 3498 659 3580 geri
673 3497 822 3582 volueris,
845 3502 967 3566 certum
987 3500 1155 3568 hominem
