2456 3884
307 255 366 301 xv.
403 252 759 305 aemmorrousae.
1014 244 1055 309 57

171 389 279 456 Natus
300 387 401 474 igitur
414 393 514 473 patre,
538 410 601 473 quo
616 390 764 473 diximus,
779 411 897 478 genere
911 391 1057 476 honesto,
1072 395 1092 458 2

84 475 290 559 pauperiem
312 495 332 537 a
354 473 529 539 maioribus
550 474 680 539 relictus
703 479 760 559 est,
786 476 929 541 eruditus
951 483 1058 541 antem

73 560 206 706 llll
223 557 642 706 balthilde}
655 559 1058 708 alterutrim?

1 784 2 789 ,
83 663 233 810 {diadar
254 725 380 790 minore
400 725 465 788 fuit
484 726 520 789 in
541 726 671 791 musicis
693 727 797 811 gloria
812 747 908 810 quarn
927 666 1068 793 Dalnod-

1 859 2 862 ,
85 815 144 874 aut
163 809 331 893 Lamprus,
354 831 492 892 qnorum
513 811 704 896 pervulgata
724 813 800 874 sunt
819 813 962 894 nominc,
983 833 1056 876 can-

85 900 156 958 tare
183 893 273 958 tibiis
301 895 343 958 ab
369 891 616 977 Olympiodoro,
648 893 765 958 saltare
793 916 812 958 a
838 893 1055 979 Calliphrone.

1 997 3 1038 a
87 983 123 1042 at
148 976 374 1061 philosophiae
399 981 638 1060 praeceptorem
665 978 780 1043 habuit
801 978 910 1062 Lysim
937 979 1085 1045 Taren-2

1 1086 3 1108 ἶ
87 1063 192 1126 tinum
199 1111 209 1145 ,
236 1061 492 1148 Pythagoreum:
521 1063 573 1126 cui
600 1061 729 1146 quidem
757 1063 803 1126 sic
828 1065 893 1128 luit
920 1063 1054 1148 dentibus,

87 1150 126 1210 ut
152 1145 337 1210 adulescens
364 1146 492 1210 tristem
522 1165 559 1210 ac
591 1165 737 1210 severum
772 1167 880 1212 renem
907 1148 1056 1212 omnibus

1 1243 2 1310 l
87 1230 277 1312 aequalibus
297 1230 366 1294 suia
385 1229 420 1294 in
441 1229 661 1294 familiaritate
682 1232 918 1313 anteposuerit3
951 1251 1056 1314 neque

1 1332 2 1368 1
86 1315 181 1396 priua
214 1333 284 1378 eum
316 1335 337 1378 a
362 1335 397 1378 ae
429 1312 563 1396 dimisit,
593 1333 689 1396 quam
716 1313 752 1377 in
784 1313 937 1378 doctrinis
963 1320 1055 1380 tanto

1 1479 2 1482 Ἴ
87 1397 261 1462 antecessit
290 1397 541 1482 condiscipulos,
575 1402 613 1461 ut
643 1397 738 1462 facile
770 1398 916 1484 intellegi
947 1403 1057 1483 posset

1 1501 2 1555 ς
85 1482 158 1565 pari
184 1481 281 1546 modo
311 1485 535 1566 superaturum
569 1501 681 1546 omnes
714 1482 749 1546 in
777 1483 891 1546 ceteris
923 1485 1054 1549 artibus.

1 1571 2 1627 ἒ
88 1570 185 1648 atque
205 1565 287 1630 haec
310 1566 350 1630 ad
368 1569 513 1630 nostram
534 1564 797 1632 consuetudinem
819 1570 896 1632 sunt
915 1566 1000 1632 levia
1021 1572 1084 1633 eta

1 1641 2 1716 l
86 1650 196 1734 potius
225 1649 477 1715 contemnenda:
513 1654 548 1715 at
575 1651 611 1715 in
641 1648 790 1734 Graecia,
826 1652 937 1734 utique
966 1652 1054 1735 olim,

86 1753 224 1820 magnae
244 1733 334 1799 laudi
350 1737 449 1798 erant
485 1737 657 1818 postquam
677 1734 818 1818 ephebus
833 1737 882 1798 est
901 1733 1006 1798 factus
1021 1739 1085 1800 ets

1 1843 2 1850 ¹
84 1819 267 1902 palaestrae
289 1817 363 1882 dare
386 1839 516 1902 operam
539 1818 660 1901 eoepit,
696 1837 764 1881 non
795 1821 863 1880 tum
895 1819 1054 1903 magnitu-

86 1902 158 1966 dini
179 1903 297 1966 virium
318 1903 450 1967 servivit
471 1923 567 1984 quarn
589 1901 767 1966 velocitati:
794 1901 885 1965 illam
907 1903 993 1965 enirn
1014 1903 1055 1966 ad

1 2029 24 2069 ἵ.
85 1986 283 2050 athletarum
309 2007 419 2070 nsum,
440 1985 525 2050 hanc
546 1985 587 2050 ad
607 1985 684 2049 belli
712 1985 915 2050 existimabat
935 1984 1055 2050 utilita

1 2081 2 2131 l
72 2075 156 2139 ‚tem
188 2070 356 2152 pertinere.
405 2071 423 2133 i
479 2090 520 2133 ne
548 2070 755 2134 exercebatur
783 2069 958 2152 plurimum
986 2090 1054 2133 eur·

1 2158 2 2236 }
84 2151 190 2217 rendo
213 2157 247 2218 et
265 2153 416 2218 luctando
500 2174 573 2217 eum
587 2154 700 2236 linem,
727 2152 833 2236 quoad
860 2156 948 2218 stans
970 2174 1055 2219 com·

1 2243 2 2307 j
84 2237 185 2320 plecti
206 2241 316 2320 posset
336 2243 434 2321 atque
459 2237 661 2302 contendere.
710 2237 746 2300 in
767 2237 865 2302 armis
885 2258 961 2304 vcro
982 2239 1084 2322 plu-5

84 2321 206 2384 rimnm
226 2321 323 2386 studii
344 2322 560 2386 consumebat.

1 2421 2 2446 l
172 2405 225 2468 Ad
246 2406 330 2470 hanc
351 2406 496 2490 corporis
516 2407 701 2470 firmitatem
722 2406 816 2489 plura
837 2406 933 2470 etiam
955 2407 1090 2470 animi3
1139 2449 1143 2456 -

85 2491 175 2554 bona
188 2494 397 2554 accesserant.
434 2493 504 2554 erat
524 2491 610 2554 enirn
624 2489 795 2572 modestus,
817 2489 967 2573 prudens,
982 2509 1053 2574 gra

1 2577 2 2628 l
84 2572 151 2654 vis,
174 2574 373 2657 temporibus
395 2574 557 2658 sapienter
576 2578 684 2656 utens,
706 2573 829 2656 peritus
849 2572 936 2656 belli,
957 2573 1053 2638 tortis

84 2677 200 2740 mann,
228 2659 336 2722 animo
364 2657 519 2742 maximo,
550 2658 630 2722 adeo
656 2656 801 2721 veritatis
833 2657 984 2743 diligens,
1016 2662 1053 2722 ut

83 2761 127 2804 ne
141 2741 216 2806 ioco
231 2741 359 2825 quidem
380 2743 578 2807 mentiretur.
614 2740 698 2806 idern
713 2741 891 2825 continens,
913 2742 1082 2806 elemensu

82 2825 277 2908 patiensque
299 2823 521 2890 admirandum
548 2827 583 2890 in
609 2824 756 2906 modum,
782 2846 851 2889 non
871 2825 975 2889 solum
996 2845 1052 2907 po·

81 2908 156 2991 puli
162 2957 172 2990 ,
194 2909 250 2972 scd
272 2909 368 2974 etiam
390 2911 565 2975 amicorum
585 2908 693 2973 ferens
714 2909 862 2990 iniurias,
884 2907 1053 2991 inprimis

82 2993 258 3057 commissa
279 2993 395 3077 celans,
418 2994 505 3078 qnod
523 2992 685 3070 interdum
706 3013 775 3056 non
795 2993 902 3056 minus
923 2990 1053 3076 prodest

105 3097 185 3140 uam
199 3075 316 3142 diserta
331 3077 434 3142 dicere
467 3077 627 3142 studiosus
642 3075 807 3141 audiendi:
830 3097 868 3140 ex
889 3075 952 3141 hoc
966 3077 1052 3141 enim

80 3097 239 3225 lacillime
262 3160 341 3225 disci
362 3127 586 3226 arbitrabatur.
628 3161 737 3244 itaque
759 3181 832 3224 cnm
847 3161 881 3224 in
897 3161 1082 3227 circuluma

81 3245 241 3328 veninat,
268 3246 303 3308 in
325 3267 388 3329 quo
412 3249 469 3310 aut
490 3245 528 3309 de
550 3245 738 3328 republica
759 3245 975 3328 disputaretur
996 3250 1053 3310 ant

79 3326 123 3391 de
137 3328 348 3413 philosophia
361 3351 466 3395 sermo
480 3330 661 3412 haberetur,
683 3349 860 3413 numquam
874 3329 948 3395 inde
962 3330 1051 3412 prius

78 3410 240 3497 discessit,
263 3434 361 3496 quam
382 3415 423 3478 ad
443 3415 541 3478 finem
555 3434 659 3478 sermo
675 3417 758 3478 esset
774 3413 937 3478 adductus.
973 3425 1081 3494 pau-4

77 3500 243 3580 pertatem
271 3497 350 3562 adeo
377 3498 472 3564 facile
492 3518 661 3582 perpessus
677 3500 734 3578 est,
757 3501 794 3561 nt
815 3497 853 3562 de
874 3495 1052 3580 republica
