2456 3884
158 183 200 249 66
435 198 522 246 xvn.
556 196 757 246 euasurus.
781 194 804 245 1.
825 194 871 243 a·

417 435 532 510 XVII.
583 432 857 508 rossanus,

123 589 142 649 l
241 583 411 670 Agesilaus
426 583 697 648 Lacedaemonius
720 603 793 648 eum
814 604 834 646 a
855 582 969 648 ceteris
989 584 1128 731 sculpto·

158 667 261 752 ribus,
291 672 362 733 tum
384 667 499 732 eximie
525 689 546 732 a
565 665 782 752 Xenophonte
813 663 975 732 Socratico
1004 688 1043 732 co
1071 689 1127 732 au·

127 752 251 818 sdatus
265 756 337 834 est:
361 773 399 818 eo
422 753 509 817 enim
529 773 605 816 usus
627 753 676 816 est
696 749 953 815 familiarissime.
990 750 1047 816 hic
1060 753 1127 835 pri·

157 859 247 902 mum
268 837 306 900 de
328 857 428 922 regno
451 857 525 901 cum
545 833 749 920 Leotychide,
771 833 879 903 fratris
907 833 976 898 filio
1008 835 1128 901 habuit

157 921 408 985 contentionem.
452 941 522 984 mos
545 922 613 984 erat
634 919 721 984 enim
741 941 762 984 a
774 918 951 986 maioribus
965 883 1125 986 Lacedae·

156 1003 274 1069 moniis
295 1003 442 1086 traditus,
464 1007 501 1068 ut
523 1005 602 1070 duos
624 1003 780 1068 haberent
801 1023 868 1069 sem
891 1023 927 1069 er
940 1023 1043 1088 reges,
1065 1025 1125 1068 no-

156 1088 243 1152 mine
343 1088 350 1101 ”
390 1109 486 1184 quam
500 1087 646 1172 imperio,
669 1108 708 1155 ex
723 1087 845 1151 duabus
1013 1085 1122 1152 Procli

157 1175 190 1236 et
210 1171 315 1256 Eurys
355 1193 438 1255 ems,
463 1172 520 1256 qui
540 1171 701 1256 principes
729 1192 768 1236 ex
794 1171 950 1255 progenie
973 1167 1121 1234 Herculis

126 1255 292 1339 sSpartae
314 1277 405 1341 reges
427 1255 567 1321 fuerunt.
610 1256 727 1320 horum
748 1275 787 1318 ex
809 1251 910 1318 altera
931 1255 967 1318 in
989 1254 1124 1320 alterius

156 1339 298 1404 familiae
318 1340 426 1404 locum
446 1339 516 1404 fieri
537 1361 605 1404 non
631 1338 763 1404 licebat:
795 1338 842 1404 ita
863 1341 997 1423 utraque
1023 1359 1123 1402 suum

155 1423 317 1487 retinebat
351 1423 506 1487 ordinem.
552 1423 698 1507 ,primum
725 1421 807 1486 ratio
837 1421 1026 1504 habebatur,
1082 1425 1123 1490 ui

156 1506 313 1570 maximus
334 1509 413 1570 natu
435 1509 518 1572 esset
539 1527 578 1569 ex
598 1507 708 1571 liberis
729 1507 806 1588 eius,
829 1506 885 1588 qui
906 1526 1046 1602 regnans
1061 1443 1124 1571 de-

156 1589 315 1654 cessisset:
347 1589 447 1654 sinis
469 1589 595 1654 virilem
616 1610 727 1654 semem
747 1610 816 1656 non
836 1589 1029 1686 reliquisset,
1050 1593 1123 1656 tum

125 1672 366 1759 sdehgehatur,
389 1673 445 1771 qui
458 1673 622 1758 proximus
644 1677 727 1738 esset
763 1674 993 1771 ropinqmtate.
1037 1695 1121 1738 mor·

155 1761 231 1824 tuus
252 1761 321 1822 eret
335 1760 417 1843 Aga
437 1779 506 1842 rex,
525 1757 625 1822 frater
646 1759 717 1844 Age
737 1757 804 1822 'aiz
826 1755 929 1824 fihum
945 1757 1122 1842 reliquerat
1222 1797 1224 1844 3

155 1841 394 1925 Leotychidem.
443 1863 539 1927 quem
565 1841 620 1906 ille
642 1845 755 1906 natum
781 1863 849 1907 non
870 1845 1019 1926 agnorat,
1044 1863 1120 1906 eun-

155 1925 229 1990 dem
250 1928 390 1992 moriens
412 1948 505 1992 suum
527 1947 594 1992 esse
610 1927 740 1990 dixerat
777 1925 865 1990 isde
886 1925 1012 1992 honore
1026 1928 1122 2012 regni

155 2030 229 2074 cum
243 2011 404 2096 Agesilao,
426 2014 542 2094 patruo
560 2031 628 2094 suo,
651 2007 825 2092 contendit,
847 2030 951 2093 neque
966 2009 1009 2094 id,
1031 2011 1122 2096 quod

124 2103 141 2153 t
179 2093 285 2175 etivit,
312 2097 500 2158 consecutus
522 2097 579 2157 est.
627 2115 704 2158 nam
724 2093 888 2176 Lysandro
911 2093 1120 2178 suffragante,

152 2115 862 2344 taearesceremus
885 2181 918 2242 ⁰*
938 2177 976 2242 a

116 2343 138 2408 2
283 2365 300 2408 c
329 2309 520 2428 similatque
550 2344 677 2428 imperii
704 2345 828 2429 potitus
861 2349 925 2428 est,
958 2348 1122 2429 persuasit

152 2427 414 2493 Lacedaemoniis
436 2431 473 2492 ut
494 2430 650 2508 exereitus
672 2429 855 2494 emitterent
876 2429 912 2494 in
924 2429 1037 2495 Asiam
1052 2431 1122 2494 bel·

151 2510 283 2594 lumque
312 2534 345 2577 re
371 2511 378 2526 ⁶
408 2511 565 2595 facerent,
599 2509 734 2578 doeens*
749 2512 848 2576 satius
881 2533 949 2578 esse
975 2513 1012 2577 in
1038 2515 1124 2578 Asia

152 2614 250 2677 quam
282 2595 319 2658 in
375 2617 477 2678 uropa
504 2595 658 2660 dimicari.
709 2616 848 2679 namque
878 2594 966 2662 fama
995 2597 1123 2662 exierat

152 2679 353 2743 Artaxerxen
368 2698 551 2774 comparare
573 2679 687 2744 classes
701 2678 926 2764 pedestresque
949 2682 1121 2765 exercitus,

121 2773 235 2848 equos
268 2762 304 2827 in
337 2759 504 2826 Graecmm
534 2761 686 2828 mitteret.
730 2761 804 2828 data
835 2766 994 2848 potestate
1025 2768 1123 2830 tanta

151 2848 314 2915 celeritate
341 2867 417 2912 usus
445 2849 508 2929 est,
535 2848 573 2910 ut
599 2847 689 2930 prius
716 2847 752 2910 in
774 2847 886 2912 Asiam
913 2869 986 2914 cum
1014 2851 1121 2932 copiis

152 2931 350 3076 pervenerit,
383 2951 479 3014 quam
508 2929 589 3015 regii
622 2934 768 3014 satrapae
798 2953 871 2996 eum
898 2933 1018 2997 scirent
1042 2955 1121 3016 pro·

168 3019 283 3080 ectum.
334 3036 397 3100 quo
425 3013 546 3080 facturn
574 3018 623 3079 est
650 3019 688 3080 ut
714 3036 825 3080 omnes
851 3016 896 3079 im
919 3020 1025 3080 aratos
1059 3017 1121 3080 im-

119 3109 138 3159 a
152 3096 388 3181 prudentesque
401 3098 583 3163 offenderet.
617 3097 650 3161 id
665 3101 703 3163 ut
713 3099 867 3182 cognovit
876 3039 968 3164 'lissa
989 3098 1120 3184 hernes,

152 3179 207 3263 qui
222 3189 383 3244 summum
397 3181 567 3266 imperium
580 3185 651 3246 tum
672 3182 757 3246 inter
776 3183 955 3266 praefectos
1019 3183 1123 3248 bebat

151 3263 267 3348 regios,
290 3262 434 3328 inducias
456 3287 476 3328 a
496 3266 624 3330 Lacone
645 3265 776 3350 petivit,
809 3266 963 3332 simulans
985 3288 1019 3332 se
1041 3267 1120 3333 dare

39 3387 41 3391 ·
152 3368 297 3432 operam,
326 3348 363 3410 ut
384 3346 645 3415 Lacedaemoniis
668 3371 740 3414 cum
761 3371 836 3432 rege
853 3352 1059 3434 conveniret,
1082 3374 1120 3416 re

151 3436 258 3500 autem
272 3451 349 3497 vera
363 3429 403 3494 ad
418 3433 526 3514 copias
541 3433 780 3518 comparandas,
801 3456 918 3519 easque
932 3437 1122 3522 impetravit
