2456 3884
463 259 498 304 v.
532 257 650 306 cruor.
673 255 697 304 e.
719 255 746 304 4.
845 225 847 234 ’
1044 240 1085 310 21

111 415 294 478 pacemque
331 394 418 457 inter
454 391 531 490 duas
562 356 800 475 potentissimas
836 393 982 457 civitates
1014 415 1087 458 con·
1130 377 1145 400 ⁴

113 479 250 544 oiliavit
274 480 369 575 post,
383 487 489 559 neque
503 479 549 573 rte
570 475 683 560 multo,
699 476 840 574 Gyjprum
850 499 927 574 cum
942 475 1086 542 ducentis
1100 491 1117 540 4

114 563 255 628 navibus
270 563 451 644 rmperator
471 581 595 643 mrssue,
618 581 691 624 cum
713 581 781 624 erus
795 581 949 626 merorem
962 565 1088 646 partem
1160 620 1163 625 .

1 676 2 732 3
116 647 242 710 insulae
265 644 455 727 devicisset,
483 643 519 708 in
539 644 688 708 morbum
709 644 884 727 implicitus
911 645 947 710 in
968 644 1088 730 oppido

1 741 2 772 ³
115 730 203 796 Citio
227 733 279 794 est
297 732 456 794 mortuus.

201 813 300 893 Hune
315 811 533 877 Athenienses
546 831 615 875 non
629 811 734 876 solum
748 813 784 876 in
795 811 891 897 bello,
913 813 968 878 sed
989 815 1086 878 etiam
1103 817 1125 882 4

1 923 2 926 ¹
113 900 156 962 in'
173 919 254 982 pace
277 897 333 961 diu
350 896 621 960 desideravenrnt.
657 895 722 961 fuit
743 897 830 961 enim
845 900 937 962 tanta
950 898 1088 963 liberali·
1184 941 1193 958 .

115 985 194 1064 tate,
213 1003 288 1044 cum
303 979 523 1062 compluribus
544 978 624 1044 loeis
645 979 776 1063 praedia
795 980 970 1066 hortosque
991 982 1087 1047 habe·

113 1069 176 1148 ret,
199 1069 237 1129 ut
259 1085 437 1146 numquam
458 1064 494 1128 in
515 1063 561 1127 eis
576 1063 740 1128 custodem
753 1065 943 1148 imposuerit
963 1067 1087 1130 fructus

114 1149 269 1213 servandi
301 1147 420 1232 gratia,
454 1147 597 1244 nequis
629 1147 675 1211 im
698 1147 851 1232 odiretur,
884 1171 947 1232 quo
980 1150 1087 1214 minus

1 1253 2 1260 ¹
114 1234 188 1298 eius
202 1233 310 1314 rebus,
332 1231 448 1328 quibus
471 1251 606 1314 qursque
621 1251 660 1295 ve
686 1235 733 1314 et,
755 1232 924 1296 imeretur.
960 1247 1115 1316 sempcrr

1 1373 2 1376 ,
118 1339 196 1413 eum
215 1315 397 1462 pedissequi
419 1336 493 1379 oum
514 1315 655 1380 nummis
677 1319 753 1380 sunt
768 1316 879 1414 secuti
900 1319 946 1398 ut,
968 1316 1086 1400 siquis

115 1421 191 1484 cprs
214 1420 284 1464 erus
306 1420 341 1463 ιιι
375 1401 482 1484 geret,
503 1398 652 1482 haberet,
681 1399 768 1482 quod
788 1402 898 1466 statum
919 1399 1022 1484 daret,
1044 1421 1086 1464 ne

114 1483 295 1550 differendo
323 1482 486 1548 videretur
517 1502 646 1566 negare.
699 1504 807 1567 saepe,
840 1505 914 1548 cum
945 1484 1085 1568 aliquem

1 1643 2 1651 ἵ
60 1599 75 1613 ·
119 1569 278 1632 offensum
291 1567 427 1632 fortuito
443 1567 566 1630 videret
586 1567 693 1630 minus
713 1568 793 1632 bene
808 1569 969 1651 vestitum,
992 1590 1085 1632 suum

116 1651 293 1715 amiculum
306 1649 412 1715 'dedit
446 1649 563 1716 cotidie
585 1651 630 1714 sic
652 1671 730 1714 cena
751 1652 782 1715 ei
803 1652 1014 1735 coquebatur,
1036 1657 1114 1735 ut,s

1 1759 2 1780 ι
102 1757 199 1819 ‚quos
226 1736 395 1800 invocatos
422 1733 554 1799 vidisset
579 1734 615 1798 in
641 1733 729 1817 foro,
764 1755 875 1800 omnes
902 1735 1084 1801 devocaret:

1 1797 2 1884 i
113 1819 205 1903 quod
236 1820 342 1885 faeere
369 1818 461 1883 nullo
490 1817 540 1882 die
565 1819 848 1901 praetermittebat.
895 1819 979 1882 nulli
1006 1818 1084 1884 fides

112 1905 201 1986 eiua,
223 1903 307 1967 nulli
322 1923 435 1986 opera,
456 1901 540 1967 nulli
558 1923 610 1965 res
631 1901 799 1966 familiaris
827 1901 943 1967 defuit:
961 1903 1084 1968 multos

111 1986 339 2070 locupletavit,
360 1986 541 2069 complures
561 2005 718 2069 pauperes
739 1988 898 2068 mortuos,
910 1986 978 2071 qui
998 1986 1083 2050 unde

1 2079 2 2102 ¹
111 2071 312 2136 efferrentur
330 2092 398 2136 non
419 2069 633 2154 reliquissent,
656 2090 714 2134 suo
736 2074 865 2152 sumptu
880 2069 1003 2135 extulit
1037 2071 1113 2135 uer

110 2177 150 2220 se
178 2154 320 2240 gerendo
348 2154 481 2224 minime
509 2157 558 2219 est
585 2153 781 2236 mirandum,
808 2154 836 2219 ei
863 2159 901 2242 ct
915 2155 989 2220 'vita
1015 2154 1083 2221 eius

109 2239 181 2304 fuit
202 2259 314 2304 secura
334 2241 369 2303 et
389 2259 475 2304 mors
497 2240 619 2304 acerba
743 2239 749 2249 '
859 2261 865 2274 ·

503 2445 702 2454 -ι-μ--η-η-

413 2595 472 2670 VI.
523 2593 790 2670 LYSANDER.

201 2744 367 2830 Lysander
394 2745 663 2810 Lacedaemonius
689 2743 847 2829 magnam'
869 2744 999 2828 reliquit
1030 2745 1116 2808 suil

108 2829 251 2913 famam,
273 2830 377 2916 magis
392 2829 552 2894 ‚felicitate
575 2829 670 2912 quem
684 2829 803 2894 virtute
818 2832 959 2912 partem:
981 2828 1080 2890 Athe·

107 2912 245 2978 nienses
274 2914 360 2982 enim
387 2935 461 2979 oum
482 2913 725 2997 Peloponnesiis
753 2916 842 2977 sexto
870 2916 903 2975 et
928 2911 1079 2978 vicesimo
1147 2921 1151 2932 '

106 3019 203 3062 anno
231 2998 352 3063 bellum
379 3002 527 3084 gerentes
561 2997 734 3063 confecisse
761 2997 902 3079 apparet.
956 2994 990 3058 id
1017 3011 1111 3081 quar

0 3135 1 3142 ,
105 3083 243 3147 ratione
258 3086 448 3148 consecutus
463 3083 514 3166 sit,
535 3083 615 3146 haut
635 3081 723 3146 latet
765 3077 943 3145 nonenim
962 3079 1081 3146 virtute

103 3167 165 3233 sui
189 3168 364 3252 exercitus,
386 3166 442 3232 sed
462 3162 664 3232 immodestia
683 3165 804 3229 factum
826 3167 875 3228 est
888 3163 1081 3231 adversario-

103 3273 204 3335 rum,
234 3251 305 3336 qui,
335 3251 423 3336 quod
450 3251 535 3315 dieto
557 3249 721 3316 audientes
742 3249 989 3332 imperatoribus
1016 3250 1082 3315 suis

65 3349 184 3402 'non
211 3339 318 3419 erant,
359 3335 507 3420 dispalati
530 3334 576 3398 'in
609 3333 695 3419 agris
727 3331 847 3398 relictis
877 3334 1014 3403 navibus
1046 3334 1082 3399 in

104 3419 260 3488 hostium
275 3424 436 3485 venerunt
451 3421 651 3503 potestatem.
686 3438 750 3502 quo
770 3417 856 3484 facto
867 3417 1082 3484 Athenienses

100 3527 146 3574 se
167 3504 435 3572 Lacedaemoniis
457 3502 651 3570 dediderunt.
688 3502 748 3568 hae
770 3501 904 3568 victoria
917 3501 1110 3586 Lysandere
