2456 3884
395 306 506 354 INDEX
529 305 809 357 enouunrulcus.

118 441 335 511 Peloponnesus,
340 447 492 510 paeninsula
500 445 579 496 Grae·

155 530 187 564 ca
209 513 244 577 (h.
262 513 379 574 Morca);
357 511 580 577 )·Peloponne

154 582 222 642 sius,
238 582 323 630 incola
340 582 402 630 cias.

120 647 322 711 Pergamenus,
350 663 385 698 em
402 645 564 710 Perpllmo'
553 664 580 698 m

156 717 223 765 Asia
240 717 346 768 minore,

121 783 231 844 Perses,
244 797 286 844 ae,
298 785 382 833 incola
397 783 422 844 1)
435 796 508 846 repm
504 782 581 831 Per-

156 851 217 912 sici,
250 847 277 913 2)
308 851 420 912 capionis
448 849 580 906 Persidis,-

157 919 250 967 adiect.
270 915 408 969 Persicus.

123 985 227 1046 Persis,
245 981 309 1047 idis,
326 985 399 1048 repis
418 983 508 1033 Asiae

123 1051 284 1113 Phalereus,
302 1049 354 1115 rii,
378 1067 413 1102 ea
434 1052 490 1102 eico
511 1049 581 1100 Pha·

158 1119 241 1169 liro
230 1135 257 1168 m
274 1086 375 1178 Attich,
397 1120 457 1168 inde
481 1108 584 1168 Phale-

158 1184 236 1236 ricus
253 1191 357 1250 portus

124 1252 243 1315 Pherae,
261 1253 323 1303 aros
343 1252 487 1304 Messeniae
507 1251 581 1313 (Con.

160 1321 234 1384 1,1).

124 1386 275 1447 Pheraeae,
293 1404 327 1438 esc
338 1388 401 1438 urhe
413 1388 505 1437 Pheris
518 1384 582 1451 (Φε-

159 1452 219 1518 ραῐ)
237 1457 264 1503 in
285 1455 415 1505 Thessalia
433 1454 498 1515 (Pei.
511 1451 582 1516 5,1).

126 1519 305 1587 Philippense
315 1521 456 1585 proelium,
475 1521 582 1571 adPhi-

161 1591 247 1653 tippos
284 1588 369 1639 arbem
407 1589 582 1640 Macedoniae

162 1669 321 1707 commissam.

126 1723 291 1788 Phoenices,
306 1726 416 1788 populos
434 1725 523 1776 Asiae.

127 1790 258 1856 Phrygia,
276 1793 349 1856 repio
367 1793 448 1842 Asiae
465 1791 584 1846 minoris:

163 1859 295 1924 Phryges,
314 1861 367 1908 eins
384 1860 492 1909 incolae.

129 1925 227 1990 Phyle,
246 1928 373 1976 castellam
391 1927 504 1976 Atticae.

129 1993 255 2056 Piraeus,
270 1999 364 2056 portus
381 1994 546 2044 Athenarum

129 2056 259 2121 Pisidas,
282 2062 390 2123 populas
407 2061 487 2111 Asiae
510 2063 586 2111 mino

162 2129 202 2177 ris
221 2125 401 2190 Cappadociae
418 2131 531 2191 confinis.

129 2193 273 2256 Plataeae,
290 2193 351 2244 arba
362 2194 503 2252 Boeotiaes
520 2192 585 2245 Pla·

163 2267 302 2322 taaensas,
320 2263 373 2311 eins
391 2265 466 2313 ciues.

129 2328 259 2380 Poeni:
268 2328 528 2392 Karthaginiensem
539 2331 584 2379 ad-

163 2399 221 2446 iect.
241 2395 376 2448 Poenicus
394 2402 419 2445 et
436 2396 566 2448 Punicus.

129 2462 245 2524 Pontus,
264 2457 289 2527 1)
301 2481 337 2506 =
348 2462 453 2512 Pontus
462 2463 586 2512 EuxInus

165 2529 225 2592 (dar
241 2530 371 2579 schwarze
384 2527 481 2595 Mser),
492 2528 525 2593 ,2)
543 2545 586 2581 re·

162 2601 253 2661 pianes
265 2597 345 2647 Asiae
359 2598 462 2659 minoris
474 2599 509 2648 ad
522 2597 586 2648 Pon·

163 2670 214 2714 tam
232 2663 367 2716 Euxinum.

110 2729 290 2794 ‘Propontis‚
311 2747 381 2782 mare
398 2733 466 2783 inter
488 2747 518 2783 m.
536 2747 585 2783 me·

167 2799 338 2848 diterroneam
349 2807 374 2849 et
383 2800 489 2851 Pontum
501 2799 585 2850 Euai-

166 2881 223 2914 ncm
241 2863 274 2928 (h.
294 2865 517 2928 Marmorameer).

132 2932 238 2996 Pydna,
256 2933 317 2983 orhs
334 2935 512 2985 Macedoniae.

131 2998 292 3066 Pyrenaeus
315 3001 417 3065 saltus,
441 3004 509 3052 inter
528 2999 586 3053 Oai·

165 3069 223 3117 tiam
241 3074 267 3118 et
284 3069 445 3132 Hispaniam.

133 3200 283 3264 Quirinilis
323 3201 415 3266 collis,
455 3219 518 3254 amis
553 3219 588 3255 em

165 3278 262 3335 septem
280 3267 381 3321 Romae.

132 3403 279 3456 Rhodium
289 3404 397 3470 fluvius,
408 3405 430 3460 h.
441 3407 481 3457 die
490 3406 587 3456 Rhome.

132 3472 247 3534 Rhodii,
270 3475 368 3523 incolae
390 3476 487 3524 insulae
506 3473 589 3532 Rhodi

166 3543 192 3590 in
210 3544 276 3590 mari
291 3542 406 3605 Aepaeo.

132 3607 229 3672 Roma,
247 3607 371 3659 Romani.

1027 291 1088 355 117

631 445 751 496 Rubrum
768 460 859 507 mare,
881 444 975 506 [ratam
993 443 1091 495 Arabi·

665 528 718 563 cum
736 519 761 561 et
779 514 918 564 Persicum.

632 645 739 709 Sabini,
756 661 819 710 pens
837 646 931 696 Italiae
949 647 1057 698 mediae.

632 684 795 778 Saguntum,
813 713 875 763 arhs
891 713 1048 778 Hispaniae.

632 778 759 846 Salllmis,
771 782 854 831 insola
864 797 949 845 prope
962 782 1091 838 Atticoms

667 850 759 898 adieci.
778 847 953 899 Salaminius.
983 865 985 869 ’

632 914 836 980 Samothracia,
864 919 947 966 insula
964 917 1001 967 ad
1017 917 1092 966 meri·

666 984 732 1033 diem
752 983 878 1033 Thraciae
895 985 954 1034 sito.

633 1047 740 1110 Samus,
751 1052 833 1101 imula
845 1057 870 1101 et
879 1052 999 1116 oppidum
1007 1065 1091 1116 prope

666 1120 725 1167 litas
743 1117 844 1169 Ioniae.

634 1183 744 1245 Sardes
763 1193 840 1249 capot
857 1185 967 1250 Lydiae.

635 1251 782 1314 Sardinia,
804 1253 888 1302 insula
909 1252 1020 1308 Italica,-
1045 1251 1092 1302 ad-

666 1320 726 1370 iect.
745 1318 943 1374 sardiniensis.

635 1385 747 1452 Scyrus,
763 1388 846 1436 insuto
865 1386 973 1438 Graeca.

634 1452 766 1517 Scythae,
774 1468 838 1518 pens
847 1453 971 1518 Europae
980 1454 1092 1505 etAsiae

667 1523 889 1584 septentrionalis,·
913 1523 1000 1584 femin.
1026 1521 1089 1586 Scy·

667 1588 767 1640 thissa.

635 1654 719 1719 Sena,
738 1657 857 1721 oppidum
871 1653 989 1707 Umbriae
998 1655 1025 1706 in
1036 1655 1093 1705 lta·

669 1726 705 1774 lio
721 1725 863 1788 superiore.

636 1787 742 1849 Sosius,
759 1791 821 1840 orba
838 1789 991 1839 Chersonesi
1011 1788 1093 1840 Thra·

670 1863 726 1907 ctae
743 1859 779 1908 ad
795 1857 995 1920 Hellespontum
1048 1863 1051 1869 '

636 1921 745 1989 Sicilia,
761 1925 844 1974 insula
861 1923 971 1981 Italica,-
997 1920 1091 1987 Siculi,

670 2001 723 2042 eius
740 1995 847 2042 incolae

638 2057 763 2128 Sigeum,
769 2060 968 2122 promontorium
981 2063 1006 2107 et
1018 2060 1092 2122 oppi-

659 2129 728 2177 dom
745 2095 781 2176 ad
798 2128 855 2176 litas
871 2125 1003 2175 Troadis
992 2126 1094 2176 tnAsio

670 2195 775 2245 minore.
830 2226 834 2234 ι

637 2259 746 2325 Sparte,
760 2259 1095 2326 SpartanusuLscedas·

671 2343 742 2392 mou,
759 2329 1009 2379 Lacedaemonius.

638 2394 780 2458 Strymon,
801 2395 875 2457 huis,
897 2397 986 2460 clanim
1012 2395 1094 2445 Thra·

671 2479 735 2514 ctae.

637 2529 801 2594 Syraciisas,
820 2529 880 2580 nris
898 2528 1019 2587 Sicilioes
1042 2527 1094 2593 Sy·

671 2611 831 2678 racusanus,
850 2599 904 2647 eius
922 2599 991 2647 eicis.

637 2661 727 2732 Syria,
745 2667 817 2731 rapio
836 2665 917 2715 Asiae
934 2665 1044 2714 minoris.

637 2797 789 2850 Taenarum
793 2800 1005 2864 ,promontorium
1015 2805 1040 2847 et
1049 2813 1092 2861 op-

670 2869 757 2931 pidum
774 2868 929 2918 Laconicae.

638 2933 803 2997 Tarentum,
825 2934 887 2984 arhs
909 2933 1005 2983 Italiae
1028 2932 1093 2996 inse·

672 3003 764 3059 rimis,-
776 3001 953 3060 Tarentinus,
964 3002 1094 3052 cinericia.

638 3069 754 3130 Taurus,
765 3071 881 3119 montium
890 3076 988 3119 tractus
996 3071 1022 3119 in
1029 3071 1094 3120 Asia

672 3139 776 3187 minore.

639 3204 761 3261 Thasus,
791 3206 873 3254 insuta
902 3205 939 3255 ad
966 3206 1094 3254 meridiem

676 3271 802 3321 Thraciae
819 3273 883 3324 sita:
911 3271 1021 3335 Thasii,
1040 3274 1095 3322 oio's

672 3340 778 3390 incolae.
1167 3399 1168 3402 Ἴ

640 3405 762 3470 Thebae,
775 3413 855 3471 capot
865 3405 1006 3461 Boeotiaec
1023 3405 1095 3457 The-

672 3475 768 3536 biuus,
787 3475 847 3524 cinis
865 3475 926 3524 eiua.

639 3541 852 3608 Thermopylae,
869 3541 959 3604 saccea
976 3541 1003 3591 in
1018 3539 1095 3592 Thes·

671 3609 746 3660 salia.
802 3619 804 3622 “
