2456 3884
412 301 510 350 mv.
547 300 647 350 CATO·
668 297 692 346 2.
714 297 739 347 8.
1019 287 1060 352 99

91 439 293 536 triumphum
319 436 509 534 deportavit.
553 436 599 500 ibi
627 457 699 501 cum
727 435 846 501 diutius
871 441 1089 520 moraretur,2

91 523 128 590 P.
152 522 261 605 Sc1pio
291 519 463 585 Africanus
493 520 606 585 consul
632 521 765 604 iterum,
787 521 877 586 cuim
898 521 933 585 in
960 521 1061 606 priori

93 607 264 674 consulatu
293 608 444 688 quaestor
471 605 578 669 suerat
614 605 718 671 voluit
740 626 812 669 eum
834 604 873 668 dc
894 605 1061 688 provincia

94 691 254 775 depellere
278 690 401 772 etipse
424 689 453 752 ei
479 655 661 772 succedere,
683 709 787 772 neque
809 689 871 754 hoc
893 711 950 772 por
972 711 1062 754 sena·

93 782 164 841 tum
187 774 315 838 efficere
361 773 453 855 otuit,
477 794 550 837 cum
572 771 700 855 quidem
716 771 823 856 Scipio
845 773 1061 857 principatum

93 863 128 924 in
157 859 287 923 civitate
318 795 492 939 olonae,
521 855 608 939 quod
635 861 705 920 tum
728 878 796 920 non
816 858 977 940 potentia,
1005 856 1061 922 sed

94 946 164 1009 iure
186 964 237 1007 res
258 941 387 1026 publica
405 939 700 1005 administrabatur.
750 962 813 1024 qua
840 962 877 1004 ex
904 962 938 1004 re
960 942 1061 1006 iratus

95 1025 241 1109 senatui,
271 1018 438 1089 consulatu
458 1027 588 1107 peracto
610 1024 754 1107 privatus
776 1024 810 1088 in
833 1027 910 1088 urbe
931 1025 1059 1091 mansit.

95 1116 130 1176 at
157 1110 253 1192 Cato,
282 1127 395 1174 censor
422 1129 495 1172 cum
523 1107 634 1172 eodem
661 1107 775 1172 Flacco
804 1107 922 1191 lactus,
951 1121 1089 1173 severae

95 1193 238 1278 praefuit
259 1192 289 1256 ei
311 1192 473 1275 potestati.
517 1213 593 1256 nam
615 1194 647 1255 et
668 1192 703 1255 in
727 1213 803 1256 com,
823 1192 909 1256 lures
935 1191 1060 1256 nobiles

96 1277 324 1344 animadvertit
345 1279 378 1340 et
398 1275 516 1340 multas
538 1296 589 1342 res
610 1296 712 1340 noras
726 1276 761 1339 in
777 1213 913 1340 edictum
929 1275 1059 1359 addidit,

95 1383 162 1446 qua
183 1383 218 1426 re
239 1360 366 1424 luxuria
384 1360 627 1443 reprimeretur,
650 1380 732 1442 quse
754 1359 818 1424 iam
839 1363 909 1429 tum
931 1358 1061 1443 iucipie-

96 1447 153 1511 bat
179 1445 348 1529 pullulare.
397 1444 523 1508 circiter
549 1464 653 1508 annos
680 1443 846 1528 octoginta
891 1464 991 1527 usque
1019 1443 1091 1508 ade

98 1534 273 1594 extremam
288 1531 425 1592 aetutem
441 1529 481 1592 ab
496 1527 720 1612 adulescentia,
741 1528 789 1592 rei
803 1494 950 1612 pulslicae
965 1549 1061 1598 causa

98 1614 260 1696 suscipere
282 1612 467 1676 inimicitias
488 1631 556 1680 non
579 1611 708 1677 destitit.
753 1613 903 1678 amultis
917 1616 1060 1677 tentatus

97 1719 166 1762 non
187 1695 282 1762 modo
304 1696 431 1760 nullum
459 1695 685 1760 detrimentum
706 1697 952 1760 existimationis
974 1697 1060 1778 fecit,

1 1805 2 1808 ¹
98 1781 162 1865 sed,
181 1779 291 1929 pucati
312 1779 408 1863 vixit,
431 1779 586 1844 virtutum
607 1778 700 1842 laude
723 1780 831 1843 crevit.

198 1887 222 1928 n
245 1864 394 1930 omnibus
415 1863 509 1928 rebus
531 1863 688 1948 singulari
709 1862 773 1926 fuit
793 1862 964 1928 industria:
987 1864 1095 1928 nam3

98 1954 131 2014 et
146 1949 288 2034 agricola
302 1948 414 2012 sollers
429 1951 461 2011 et
475 1947 597 2030 peritus
608 1947 688 2011 iuris
699 1946 863 2012 consultus
879 1950 910 2011 et
924 1968 1060 2031 magnus

1 2091 2 2112 ἢ
97 2036 273 2117 imperator
292 2035 327 2096 at
346 2027 521 2115 probabilis
544 2034 652 2096 orator
679 2032 712 2094 ct
733 2029 955 2113 cupidissimus
977 2031 1060 2094 litte·

1 2123 2 2126 ’
96 2139 206 2181 rarum
228 2115 309 2180 fuit.
343 2137 477 2198 querum
499 2114 640 2180 studium
661 2115 721 2180 atsi
743 2115 851 2180 senior
871 2117 1089 2198 arripuerat,2

96 2206 206 2266 tamen
228 2203 354 2264 tantum
377 2221 435 2282 pro
456 2220 579 2262 essum
601 2199 688 2282 fecit,
710 2203 746 2264 ut
767 2221 835 2264 non
855 2199 949 2266 facilc
972 2221 1060 2283 repe·

1 2277 2 2306 ¹
97 2286 154 2349 riri
221 2285 280 2349 ssit
301 2304 405 2366 nequa
483 2281 613 2347 (usecia
633 2285 737 2367 neqte
760 2283 798 2348 de
812 2283 933 2348 Italicis
954 2284 1060 2368 rebus,

98 2389 162 2452 quo
208 2367 357 2432 eituent
378 2367 588 2451 incognitum.
625 2368 666 2431 ab
686 2367 900 2431 adulescentia
921 2366 1090 2432 confecita

1 2441 2 2471 ³
105 2453 276 2517 orationes.
321 2472 417 2516 senex
439 2451 590 2516 historias
612 2450 749 2514 scribere
764 2451 913 2514 instituit.
951 2471 1060 2514 earum

1 2581 2 2590 .
97 2541 173 2602 sunt
195 2536 271 2600 libri
293 2539 424 2618 septem.
461 2536 583 2619 primus
598 2533 742 2599 continet
761 2555 812 2598 res
827 2538 933 2619 gestas
947 2555 1061 2620 regum

1 2699 2 2702 Ἴ
97 2620 212 2704 populi
239 2618 393 2702 Romani,
419 2618 577 2684 secundus
604 2624 636 2682 et
662 2619 776 2682 tertius
802 2618 886 2682 uude
915 2640 1061 2717 quaeque

1 2706 7 2762 Γ
98 2705 212 2768 civitas
235 2707 306 2768 orta
328 2704 370 2768 sit
389 2701 518 2786 Italica,
546 2703 587 2767 ob
609 2724 705 2785 quam
732 2724 800 2767 rem
822 2725 934 2768 omnes
956 2701 1061 2787 0r1g1·

96 2809 155 2852 nes
189 2787 315 2851 videtur
349 2787 536 2870 appellasse.
590 2787 625 2851 in
655 2790 769 2870 quarto
803 2791 909 2852 autem
939 2788 1060 2850 bellum
1183 2852 1189 2864 ,

95 2871 277 2936 Poenicum
299 2875 346 2935 est
367 2871 521 2954 primum,
549 2871 718 2954 inquirito
745 2872 934 2937 secundum:
963 2873 1060 2952 atque

95 2956 176 3020 haec
199 2955 308 3020 omnia
330 2955 530 3038 capitulatim
552 2960 627 3018 sunt
648 2954 742 3021 diota.
786 2955 910 3038 reliqua
932 2967 1091 3038 quoquot
1120 2991 1123 3000 ι

95 3040 181 3103 bella
201 3040 273 3122 pari
294 3038 389 3104 modo
412 3043 597 3123 persecutus
619 3043 667 3103 est
687 3061 788 3122 usque
815 3038 856 3103 ad
876 3041 1061 3122 praeturam

96 3122 200 3188 Servii
222 3123 360 3207 Galbae,
383 3123 438 3206 qui
461 3123 594 3206 diripuit
614 3123 801 3188 Lusitanos:
826 3127 922 3206 atque
944 3123 1061 3190 horum

94 3207 254 3272 bellorum
277 3206 371 3272 duces
393 3229 461 3271 non
482 3207 676 3290 nominavit,
705 3207 759 3272 sed
784 3208 853 3271 sine
872 3209 1061 3274 'nominibus

0 3309 1 3312 ’
94 3313 144 3356 res
166 3291 303 3357 notant.
347 3293 383 3356 in
410 3291 529 3356 eisdem
551 3291 707 3374 exposuit,
730 3313 810 3374 quae
832 3293 868 3356 in
888 3291 983 3358 Italia
1003 3293 1060 3357 Hi·

92 3377 281 3460 spaniisque
304 3379 360 3441 aut
381 3377 496 3440 fierent
517 3379 573 3440 aut
592 3375 776 3441 viderentur
797 3377 997 3442 admiranda:
1024 3377 1060 3440 in

93 3461 210 3542 quibus
233 3461 337 3526 multa
359 3461 515 3527 industria
538 3464 571 3525 et
588 3459 753 3546 diligentia
776 3467 948 3546 comparet,
970 3460 1060 3524 nulla

92 3543 248 3610 doctrina.

820 3649 833 3695 ‘1
841 3649 854 3677 0
