2456 3884
173 203 217 268 42
512 213 547 261 x.
583 211 679 261 mor.
700 207 793 258 e-ro.

175 353 354 418 concitatus
375 354 438 434 est,
459 369 572 414 verens
594 368 635 412 ne
656 347 746 445 prius
767 346 939 412 consilium
959 348 1143 432 aperiretur

139 431 817 600 bwumllatuinffinetgnplrlgxlrrllrfecllgsllesto,
839 534 913 578 cum
934 535 955 578 a
975 522 1141 582 conventu

176 625 210 670 se
238 605 396 666 remotum
422 600 511 665 Dion
538 599 624 664 domi
656 601 782 662 teneret
807 600 904 681 atque
930 598 966 662 in
991 601 1143 667 conclavi

176 686 262 751 edito
283 685 495 768 recubuisset,
523 683 659 748 consciis
685 681 839 746 facinoris
864 682 936 746 loca
962 684 1142 750 munitiora

176 769 287 853 oppidi
307 769 415 853 uadit,
437 768 567 833 domum
587 765 740 832 custodiis
761 765 873 848 acepit,
895 787 916 830 a
936 766 1064 832 foribus
1086 771 1143 853 qui

146 866 245 919 tucn
265 852 446 936 discedant,
467 855 571 916 certos
591 850 743 934 praeficit,
768 870 885 914 navem
905 851 1072 916 triremem
1094 875 1142 918 ar-

177 938 271 1001 matis
286 940 382 1002 ornat
393 935 663 1018 Philostratoque,
681 933 777 998 fratri
793 954 862 1016 suo,
883 933 984 998 tradit
1004 956 1079 1001 eam
1102 959 1142 1002 ue

125 1059 128 1064 -
176 1022 212 1084 in
232 1025 329 1104 portu
350 1019 466 1118 agitari
480 1019 578 1102 iubet,
599 1021 637 1083 ut
658 1017 685 1082 si
707 1037 852 1082 exercere
871 1017 1009 1102 remiges
1031 959 1141 1106 vellet,

148 1100 1142 1285 ‚ceccrecuperaremus

178 1239 311 1336 numelo
353 1272 520 1356 acyntbros
541 1270 758 1335 adulescentes
779 1267 935 1352 quosdam
953 1270 1046 1355 eligit
1067 1293 1143 1337 cum

177 1355 403 1420 audacissimos
425 1359 495 1420 tum
515 1354 637 1419 viribus
650 1353 806 1436 maximis,
827 1351 943 1437 hisque
964 1352 1017 1417 dat
1036 1375 1142 1441 nego-

177 1439 274 1520 tium,
303 1438 343 1502 ad
363 1437 504 1502 Dionem
525 1442 600 1502 eant
620 1437 773 1520 inermes,
800 1437 846 1501 sic
867 1441 905 1501 ut
925 1439 1144 1505 conveniendi

148 1520 1142 1690 izersremitumteneritudinis

453 1653 461 1669 ·
600 1655 609 1687 r

179 1689 267 1754 ribus
294 1688 511 1787 obseratisin
537 1689 619 1753 lecto
646 1691 816 1753 cubantem
843 1687 1016 1785 invadunt,
1050 1693 1140 1756 colli-
1218 1715 1219 1760 i

148 1773 358 1940 redirit
371 1772 728 1941 deterrebit
741 1770 1141 1954 ⁰d¹jf¹¹tdttt¹t
1217 1805 1219 1822 '

180 1940 352 2026 singularis
372 1941 520 2024 potentia
540 1944 575 2005 et
593 1941 774 2005 miserande
800 1942 882 2022 uta,
904 1962 960 2023 qur
982 1947 1107 2008 semet
1131 1945 1138 1958 '

148 2037 165 2086 t
180 2046 275 2108 quam
290 2025 390 2088 amari
401 2025 535 2107 malunt,
547 2025 648 2090 cuivis
662 2023 756 2089 facile
766 2022 931 2089 intellectu
945 2023 1017 2090 fuit.
1049 2047 1139 2092 nam-

200 2129 241 2171 ue
262 2107 311 2170 illi
324 2108 387 2189 ipsi
407 2107 568 2190 custodes,
591 2107 619 2171 si
640 2111 790 2192 prompta
810 2108 947 2172 fuissent
960 2110 1139 2196 uoluntate,

176 2129 300 2254 loribus
328 2189 465 2254 effractis
492 2210 619 2256 servare
646 2212 719 2255 eum
746 2191 940 2276 potuissent,
975 2194 1064 2276 quod
1090 2195 1141 2260 illi

176 2275 314 2338 inermes
335 2272 435 2338 telum
456 2273 579 2340 forisfl
625 2273 740 2340 ‘tantm
754 2275 864 2339 vivum
878 2277 1041 2342 tenebant.
1086 2281 1141 2344 cui

178 2380 251 2424 cum
267 2362 464 2423 succurreret
477 2379 582 2441 nemo,
632 2380 691 2443 yco
707 2358 836 2443 quidem
848 2357 1068 2442 Syracusanus
1082 2384 1142 2446 per

177 2444 334 2508 fenestras
355 2443 498 2527 gladium
519 2442 619 2526 dedit,
642 2465 706 2528 quo
728 2442 815 2507 Dion
836 2443 1024 2511 interfectus
1046 2450 1106 2512 est.

129 2528 170 2592 10
263 2525 418 2591 Confecta
445 2527 555 2611 caede,
587 2548 660 2592 cum
689 2525 861 2591 multitudo
888 2528 1013 2594 vuendi
1033 2533 1143 2614 gratie

177 2609 350 2692 introisset,
372 2611 522 2674 nonnulli
537 2611 577 2676 ab
593 2611 701 2676 insciis
722 2631 780 2694 pro
794 2611 903 2675 noxiis
914 2613 1141 2680 conciduntur.

177 2715 253 2760 nam
275 2692 370 2757 celeri
391 2714 519 2758 rumore
542 2693 641 2760 dilato
677 2693 777 2759 Dioni
791 2694 857 2758 vim
878 2695 1024 2780 afletam,
1043 2699 1143 2762 multi

66 2771 70 2778 ’
177 2780 414 2860 concurrerant,
429 2778 545 2861 quibus
559 2779 623 2843 tale
637 2743 763 2844 facinus
777 2777 974 2861 displicebat.
1006 2780 1042 2844 hi
1056 2780 1144 2847 falsa

147 2863 359 3010 ²{uspicigne
387 2860 474 3011 dptgti
487 2863 766 3011 tiffietmmll
786 2861 1144 3034 ffleilffieiffi

201 2970 273 3012 urus
317 2969 402 3012 emo
466 2969 488 3011 u
651 2965 688 3010 ac
772 2966 789 3009 e
844 2968 926 3012 mira
1017 2969 1034 3012 r
1090 2995 1091 2999 ,

176 3035 301 3095 mutata
322 3035 371 3096 est
385 2969 543 3096 voluntale).
578 3051 655 3094 nam
677 3029 733 3113 qui
746 2995 856 3094 vivuln
871 3051 944 3095 eum
964 3035 1144 3116 tyrannum

176 3113 366 3197 vocitarent,
389 3113 492 3180 eidem
505 3115 709 3178 liberatorem
728 3113 852 3196 patriae
872 3116 1066 3212 tyrannique
1086 3139 1144 3182 ex-

176 3196 338 3279 pulsorem
359 3198 594 3280 praedicabant.
638 3197 684 3262 sic
703 3197 809 3263 subito
830 3199 1049 3271 misericordra
1063 3199 1143 3266 odio

176 3283 383 3361 successerat,
410 3285 448 3344 ut
469 3302 542 3347 eum
563 3302 621 3346 suo
643 3281 800 3368 sangiune
822 3281 863 3346 ab
881 3283 1067 3348 Acherunte
1111 3286 1145 3350 si

146 3365 317 3447 epossenc,
340 3369 493 3445 cuperent
513 3364 677 3431 redimere.
714 3365 823 3514 ita'pue
844 3365 880 3431 in
900 3368 980 3432 urbe
1002 3333 1144 3433 celeber·

174 3448 257 3515 rimo
279 3446 367 3530 loco,
394 3444 496 3510 elatus
522 3449 665 3531 publice,
692 3469 748 3533 sep
784 3449 831 3515 cri
851 3455 1061 3518 monumento
1084 3452 1145 3519 do·
