2456 3884
151 253 193 320 72
432 269 532 317 xv111.
568 266 740 316 numana.
765 264 787 312 1.
809 264 834 313 a

120 403 329 470 alescentulc
355 371 481 468 indbles
507 401 644 468 virtutis.
693 403 802 485 itaque
835 422 908 466 eum
934 400 1055 466 habuit
1082 403 1124 466 ad

152 509 286 553 manum
306 488 428 554 scribae
449 487 532 570 loco,
554 485 640 570 quod
661 485 764 550 multo
778 486 863 569 apud
877 485 994 550 Graios
1016 485 1124 550 bonc-

152 571 328 637 rificentius
350 573 399 636 est
420 592 517 668 quam
544 569 629 653 apud
648 568 836 666 Romanos...
864 589 1005 665 namque
1033 569 1124 666 apud

152 655 1124 836 tttftstttstttttttttttflttfttt

153 823 333 887 admittitur
363 823 427 887 msi
458 822 594 887 honesto
621 820 709 902 loco,
742 824 775 885 et
805 819 868 884 fide
896 824 929 883 et
959 820 1124 886 industria

154 907 298 991 cognita,
321 909 408 988 quod
429 926 557 971 necesse
579 907 627 968 est
649 904 793 968 emnium
815 903 1024 970 consiliorum
1044 926 1123 969 eum

123 1003 223 1054 cesse
244 989 443 1072 participem.
486 990 573 1053 hunc
593 989 700 1052 locum
721 987 828 1051 tenuit
851 987 1011 1054 amicitiae
1032 1011 1052 1053 a
1077 988 1123 1052 ud

152 1073 342 1156 Philippum
378 1093 481 1138 annos
518 1076 650 1156 septem.
704 1070 761 1137 illc
796 1071 969 1137 interfecto
1005 1093 1041 1138 eo
1065 1094 1121 1136 em

154 1156 256 1242 gradu
277 1157 342 1222 fuit
361 1156 447 1241 apud
461 1155 681 1220 Alexandrum
694 1175 797 1221 annos
811 1153 975 1220 tredecim.
1009 1157 1119 1221 novis·

154 1241 236 1306 simo
258 1244 402 1325 tempore
429 1240 570 1325 praefuit
597 1239 693 1304 etiam
721 1240 838 1304 alterae
867 1241 1012 1324 equitum
1038 1241 1127 1325 alae,

155 1347 237 1408 quae
250 1324 419 1391 Hetaerice
441 1347 461 1390 a
482 1324 671 1408 pellabatur.
713 1324 842 1407 utrique
864 1328 973 1389 autem
993 1326 1029 1388 in
1043 1346 1121 1390 con-

155 1409 227 1473 silio
261 1430 386 1493 semper
471 1408 520 1474 uit
545 1412 579 1473 et
608 1408 751 1472 omnium
778 1428 886 1472 rerum
911 1409 1042 1473 habitus
1069 1414 1122 1475 est

119 1575 140 1638 2
154 1495 604 1671 parafflmdmffiylom
618 1579 757 1659 mortuo,
779 1596 852 1640 cum
866 1595 970 1660 regna
983 1577 1121 1661 singulis

155 1658 368 1725 familiaribus
419 1660 425 1672 '
467 1660 639 1724 ertirentur
665 1663 699 1724 et
723 1681 847 1724 summa
871 1681 980 1724 rerum
1001 1660 1122 1724 tradita

125 1748 242 1810 resset
262 1743 383 1809 tuenda
403 1745 433 1809 ei
455 1765 521 1827 em,
547 1744 600 1808 cui
620 1742 803 1809 Alexander
823 1744 964 1808 moriens
986 1744 1121 1808 anulum

157 1850 250 1894 suum
269 1828 409 1912 dederat,
429 1827 599 1893 Perdiccae
620 1827 674 1912 (ex
693 1848 758 1910 quc
780 1848 892 1893 omncs
905 1826 1120 1911 coniecerant,

157 1933 231 1976 eum
245 1933 381 1998 regnum
396 1913 426 1978 ei
440 1912 644 1995 commisisse,
666 1911 772 1994 quoad
786 1912 880 1976 liberi
894 1911 962 1976 eius
977 1912 1013 1977 in
1029 1935 1122 1977 suam

156 1996 292 2061 tutelam
311 1997 547 2080 pervenissent:
570 1997 680 2060 aberat
701 1996 787 2060 enim
802 1995 949 2061 Crateros
971 2000 1005 2061 et
1025 1999 1121 2062 Anti-

179 2084 258 2163 ater,
281 2081 337 2162 qui
358 2079 545 2145 antecedere
564 2080 653 2144 hunc
666 2079 867 2164 videbanun,
888 2083 1034 2146 mortuus
1050 2086 1123 2146 erat

155 2164 364 2309 telesshaestio,
387 2183 482 2308 puerili
503 2161 821 2313 unumfAlexpndelp,
847 2163 934 2313 qrtrgd
954 2164 1121 2312 ἰαοίῐοὼίιέἑ

157 2331 206 2428 est
226 2265 589 2427 ffudddiedapppaudddila
614 2249 1122 2428 seicvedapd'tiusodictaldpdardrtum

126 2425 194 2479 am
224 2413 368 2479 hostium
405 2418 474 2480 erat
509 2419 677 2499 potestate.
730 2418 817 2482 hunc
854 2417 916 2482 sibi
950 2414 1121 2481 Perdiccas

157 2498 347 2564 adiunxerat
366 2519 485 2583 magno
508 2499 614 2566 studio
619 2549 629 2584 ,
652 2498 738 2584 quod
758 2500 794 2565 in
815 2500 947 2565 homine
967 2499 1067 2565 tidem
1088 2505 1122 2565 et

156 2582 347 2646 industriam
369 2603 520 2666 magnam
541 2583 685 2668 videbat,
713 2605 783 2650 non
804 2583 954 2648 dubitans
960 2633 970 2668 ,
995 2585 1121 2649 sicum

156 2664 354 2749 pellexisset,
376 2686 496 2749 magno
518 2668 591 2732 usui
611 2667 681 2733 fore
703 2669 764 2734 sibi
785 2668 821 2733 in
841 2668 882 2732 iis
903 2669 1014 2752 rebus,
1041 2691 1122 2752 quas

157 2748 343 2834 apparabat
398 2749 562 2833 cogitabat
580 2751 691 2835 enim,
727 2750 813 2836 quod
843 2751 911 2816 fere
941 2773 1055 2817 omnes
1086 2754 1124 2818 in

156 2832 283 2921 magnis
308 2831 452 2918 imperiis
474 2835 720 2918 concupiscunt,
748 2835 892 2901 omnium
917 2841 1027 2920 partes
1053 2858 1124 2902 cor-

126 2917 729 3088 *tesserascedecades
749 2920 1125 3069 ttttdttt

703 3053 711 3086 7

157 3025 1125 3268 samaiim

157 3253 289 3321 suadere
310 3254 449 3320 Eumeni
477 3256 614 3340 studuit,
641 3258 679 3320 ut
698 3254 883 3321 Perdiccam
905 3256 1064 3322 desereret
1086 3279 1125 3321 ac

126 3349 266 3408 caecum
287 3338 407 3404 faceret
428 3340 623 3406 societatem.
649 3359 740 3404 -cum
763 3339 937 3422 perducere
958 3361 1032 3405 eum
1054 3362 1123 3406 non

157 3427 281 3512 posset,
302 3422 482 3487 interlicere
504 3427 639 3488 conatus
666 3428 728 3506 est,
758 3427 792 3487 et
812 3422 954 3508 fecisset,
980 3424 1046 3490 nisi
1067 3425 1124 3488 ille

157 3511 241 3579 clam
261 3511 361 3576 noctu
383 3529 423 3572 ex
443 3507 610 3591 praesidiis
633 3506 701 3572 eius
723 3506 895 3594 effugisset
