2456 3884
162 243 223 309 100
463 259 547 308 xxv.
583 253 817 308 nemeseus.

83 417 86 423 ’
129 409 147 458 t
245 391 351 459 Huius
372 393 412 459 de
432 394 499 458 vitu
520 397 554 458 et
573 395 715 458 montes
732 394 830 540 glore
850 392 887 456 in
901 413 939 457 eo
955 393 1042 458 libro
1060 414 1131 477 per·

159 480 261 545 secuti
281 501 400 562 sumus,
423 500 518 562 quem
540 479 711 561 seperatim
755 499 832 542 eeo
852 476 988 541 fecimus
1011 499 1051 541 ro
1094 481 1130 541 tu

160 563 197 629 Τ.
213 563 386 647 Pomponii
400 563 510 628 Attici
547 583 645 646 quero
667 561 827 628 studiosos
842 560 976 628 Catonis
991 561 1035 624 ed
1089 561 1132 626 ud

160 649 312 714 volumen
333 647 525 733 delegemus.

541 834 740 844 -u—-a—

453 999 566 1086 XXV.
617 989 835 1074 Aculeus

126 1155 144 1215 1
245 1150 283 1216 Τ.
306 1150 505 1235 Pomponius
525 1149 669 1231 Atticus,
697 1149 738 1212 eb
760 1147 885 1232 origine
912 1147 1027 1212 ultime
1053 1150 1132 1214 stir-

163 1235 214 1319 pis
239 1233 405 1303 Romenee
431 1237 617 1320 generatus,
644 1253 685 1316 pe
725 1235 800 1296 cluo
827 1233 1052 1298 emtionibus
1080 1255 1133 1298 ec-

131 1321 289 1403 tceptsm
315 1323 494 1404 equestrem
521 1317 662 1383 obtinuit
722 1315 889 1402 guitotem.
957 1321 1027 1382 stre
1051 1339 1134 1384 usus

163 1407 213 1468 est
233 1403 388 1488 diligente
409 1407 455 1487 et,
480 1405 518 1466 ut
538 1406 608 1465 tum
629 1404 721 1465 erent
741 1404 896 1484 tempore,
944 1401 979 1488 'ti
1006 1400 1043 1464 in
1066 1403 1134 1485 pri—

161 1487 285 1568 misque
307 1487 450 1551 studioso
471 1486 661 1550 litterarum.
704 1483 767 1566 hic,
789 1488 887 1568 prout
906 1485 976 1582 ipse
998 1487 1136 1554 emebat

160 1569 295 1654 littores,
317 1569 467 1634 omnibus
489 1567 652 1651 dootrinis,
675 1568 791 1651 quibus
812 1567 945 1652 puerihs
967 1574 1057 1634 setes
1072 1571 1135 1636 im·
1222 1641 1223 1644 ,

132 1653 276 1739 opertiri
296 1653 399 1736 debet,
421 1652 524 1717 filium
551 1652 698 1717 erudivit.
748 1655 818 1716 eret
838 1655 946 1716 eutem
968 1655 1005 1718 in
1027 1676 1133 1739 puero

160 1743 288 1824 praeter
302 1737 498 1804 docilitatem
513 1736 637 1821 ingenii
651 1757 775 1800 summo
792 1736 933 1801 matites
945 1737 1016 1803 oris
1029 1743 1133 1822 etque

162 1824 282 1972 lidiitsdr
292 1820 1134 1990 uiedodltididudicdilleedffirpiiiniiuiitiirdtmqiidddi

160 2012 196 2056 re
223 1993 258 2056 in
282 1957 423 2076 iuueritie
450 1989 568 2054 nobilis
593 1990 679 2054 inter
709 1989 858 2071 aequales
879 1989 1043 2054 serebatur
1064 1992 1133 2056 cle-

160 2075 290 2157 riusque
312 2072 605 2158 exsplendescebet,
627 2073 724 2156 quem
745 2071 894 2157 generosi
914 2074 1133 2158 condiscipuli

133 2159 272 2254 tunimo
294 2178 396 2239 oeque
417 2157 502 2253 ferre
522 2159 663 2239 possent.
706 2156 816 2239 itaque
836 2156 989 2222 incitabot
1010 2178 1132 2225 omnes

161 2239 463 2407 stessi
484 2260 529 2388 s.
551 2260 686 2422 cuc
706 2239 1132 2408 {cautulus

161 2411 207 2476 sic
229 2408 382 2493 devinxit,
404 2413 442 2474 ut
462 2430 556 2473 nemo
578 2429 618 2472 us
640 2413 795 2494 perpetuo
817 2409 917 2474 fuerit
938 2410 1052 2474 carior.

124 2495 146 2566 2
205 2522 216 2536 =
243 2494 342 2590 Potes
357 2497 481 2559 mature
499 2493 642 2561 decessit.
673 2492 1019 2591 ipsesdulescentulus
1029 2515 1129 2591 pron

105 2651 107 2655 ,
159 2581 210 2641 ter
237 2577 436 2641 edfimtstem
462 2576 499 2642 P.
522 2577 657 2661 Sulpicii
698 2599 757 2724 dli
783 2578 934 2642 tribunus
961 2577 1006 2662 pl.
1028 2583 1131 2643 mter·

160 2661 263 2725 fectus
285 2662 350 2740 est,
378 2680 446 2723 non
475 2681 588 2744 expers
608 2626 673 2726 fuic'
748 2683 785 2725 us
806 2661 958 2746 periculi:
986 2683 1130 2746 nemque

161 2744 286 2828 Anicio,
301 2743 475 2827 Pomponii
489 2744 691 2828 consobrino,
713 2749 867 2843 nupserat
886 2744 1011 2830 Servio,
1033 2747 1130 2812 frotni

130 2845 146 2892 2
161 2829 304 2914 Sulpicii.
340 2828 450 2912 iisque
470 2826 639 2892 interfecto
655 2827 798 2914 Sulpicio
812 2833 1024 2914 posteaquem
1046 2831 1131 2896 vidit

8 2941 12 2943 ·
160 2913 309 2979 Cinneno
337 2912 477 2978 tumultu
504 2910 669 2976 civitatem
690 2934 758 2978 esse
779 2914 999 2996 perturbatum
1020 2936 1130 2999 neque

159 2997 222 3062 sibi
244 2999 313 3064 duri
333 2997 519 3062 facultatem
540 3017 599 3080 pro
622 2996 778 3082 dignitate
806 2996 951 3081 vivendi,
979 2999 1061 3081 quin
1082 3000 1131 3063 el·

158 3083 315 3146 terutrom
329 3085 453 3164 portem
468 3080 652 3178 offenderet²
673 3079 851 3146 dissocietis
865 3082 981 3146 animis
995 3083 1129 3167 civium,

158 3184 233 3229 cum
260 3165 316 3228 elii
344 3163 500 3248 Sullanis,
530 3164 585 3228 elii
613 3163 768 3231 Gmnenis
795 3165 948 3252 foverent
969 3167 1129 3251 pertibus,

158 3248 311 3314 idoneum
332 3251 398 3312 tem
422 3272 460 3316 us
481 3252 570 3313 retiis
592 3249 705 3314 studiis
723 3249 921 3333 obsequendi
943 3250 1009 3314 suis
1023 3251 1130 3316 Athe·

157 3355 217 3399 nes
239 3353 273 3397 se
294 3351 357 3394 con
418 3338 441 3397 t.
485 3353 590 3416 neque
612 3353 650 3397 eo
672 3333 774 3397 secius
799 3333 1036 3399 adulescentem
1058 3334 1129 3400 Mo·

158 3418 244 3480 rium
277 3414 404 3480 hostem
438 3413 614 3478 iudicatum
649 3416 733 3481 iuvit
768 3416 889 3500 opibus
915 3418 997 3500 suis,
1034 3419 1130 3486 cuius

130 3498 271 3581 efugsm
296 3495 433 3578 pecunie
454 3497 641 3562 sublevavit
691 3519 728 3563 ec
755 3519 797 3563 ne
823 3500 880 3564 ille
904 3502 1129 3589 peregrinatio
