2456 3884
389 241 473 288 xxv.
515 205 669 289 irrrcus.¹
691 237 732 287 21.
754 237 797 286 m.
1014 228 1075 292 113

105 383 204 462 atque
225 376 289 442 hoc
316 375 503 459 priusquam
525 375 554 439 ci
569 373 736 457 accideret,
757 379 929 459 postquam
950 377 985 441 in
1008 377 1107 442 dies4

31 497 33 504 v
106 463 235 528 dolores
257 479 436 524 accrescere
457 458 627 542 febresque
641 457 810 523 accessisse
827 460 936 543 sensit,
958 462 1041 546 Agri
1065 500 1076 510 ·

106 569 184 630 pam
234 565 365 608 enerum
398 541 440 605 ad
471 563 504 606 se
531 543 648 606 arcessi
680 543 774 606 iussit
809 547 841 607 et
873 566 945 608 cum
973 567 1010 609 co
1038 484 1075 612 ii

24 673 30 688 i
108 566 296 696 Cornelium
317 626 458 692 Balbum
479 625 675 709 Sextumque
703 625 913 692 Peducaeum.
958 628 1018 692 hos
1039 634 1106 706 uta

6 758 8 782 .
108 715 235 779 venisse
256 711 352 793 vidit,
382 709 584 774 incubitum
605 709 736 774 innixus
764 715 942 793 ‘quantam’
970 713 1078 795 inquit

15 835 16 838 =
109 804 231 862 ‘curam
265 794 529 878 diligentiamque
566 793 602 858 in
634 793 819 859 valetudine
856 817 928 860 mea
958 797 1078 861 tuenda

21 930 23 938 .
107 882 172 946 hoc
198 885 343 963 tempore
372 877 587 960 adhibuerim,
619 899 693 942 cum
725 900 783 943 ros
809 882 908 944 testes
929 879 1077 964 habeam,

13 1009 14 1012 κ
108 965 194 1029 nihil
214 983 343 1030 necesse
366 966 416 1031 est
434 962 580 1048 plmibus
595 962 701 1028 verbis
717 983 975 1029 commemorare.
1009 967 1077 1048 qui·
1192 960 1196 966 “

16 1070 23 1108 ε
108 1051 170 1113 bus
197 1048 365 1132 quoniam,
393 1050 431 1111 ut
457 1067 567 1129 spero,
595 1045 749 1130 satisfeci,
777 1069 828 1111 me
856 1047 939 1112 nihil
960 1049 1078 1132 reliqui

110 1221 160 1281 est
180 1220 249 1280 ute
274 1218 360 1280 omct
379 1213 460 1278 mihi
473 1214 648 1278 consulam.
686 1214 697 1277 i

17 1154 28 1192 ¹.-
108 1133 239 1214 fecisse,
261 1130 348 1214 quod
371 1131 412 1194 ad
433 1128 611 1194 sanandum
632 1151 684 1194 me
699 1131 895 1277 pertineret,
918 1132 1079 1215 reliquum

724 1225 792 1279 ¹vos
805 1214 956 1299 ignorare
970 1217 1077 1281 nolui:

4 1303 20 1363 ‚⁸
109 1322 187 1364 nam
244 1299 250 1312 '
279 1299 285 1312 '
311 1301 375 1364 stat
396 1297 482 1364 alere
502 1299 653 1364 morbum
674 1297 828 1368 desinere.
871 1321 1010 1384 namque
1025 1301 1107 1365 hiso

11 1421 34 1473 s,
109 1385 221 1449 diebus
244 1381 400 1466 quidquid
421 1383 486 1446 cibi
512 1382 650 1466 sumpsi,
678 1382 724 1446 ita
744 1383 882 1466 produxi
903 1383 1018 1468 v'itam,
1040 1389 1078 1449 ut

4 1473 6 1530 ἲ
110 1469 256 1533 auxerim
285 1466 411 1532 dolores
443 1467 514 1540 sine
546 1485 601 1549 spe
632 1465 754 1531 salutis.
809 1489 908 1552 quare
939 1491 958 1532 a
985 1469 1077 1534 robis

10 1577 17 1600 ἰ
109 1556 186 1635 peto
208 1553 363 1634 primum,
391 1553 428 1613 ut
449 1548 619 1647 consilium
639 1550 782 1648 probetis
803 1573 925 1636 meum,
951 1552 1076 1636 deinde,

110 1658 153 1700 ne
174 1635 295 1701 frustra
315 1633 515 1700 dehortando
537 1633 691 1716 lmpedlre
713 1635 897 1702 conemini'.

2 1726 13 1786 i
140 1751 146 1762 ·
194 1719 265 1784 Hac
294 1719 441 1784 oratione
461 1718 572 1792 habita
592 1720 685 1782 tanta
711 1721 893 1782 constantia
919 1721 1008 1787 vocis
1029 1719 1129 1785 ati?

110 1824 174 1886 que
195 1804 314 1886 vultus,
335 1804 461 1867 utnon
483 1823 522 1865 ex
543 1801 619 1882 vita,
642 1801 698 1864 sed
720 1823 759 1866 ex
778 1801 872 1870 domo
894 1803 930 1866 in
945 1803 1076 1871 domum

111 1887 274 1952 videretur
295 1888 444 1972 migrare,
466 1907 538 1952 cum
561 1884 690 1969 quidem
716 1887 863 1972 Agrippa
895 1906 968 1950 eum
994 1887 1106 1952 flensa

1 2001 13 2038 ςΙῚ
111 1976 209 2054 atque
236 1971 385 2040 osculans
413 1974 520 2036 oraret
541 1973 638 2052 utque
661 1969 850 2053 obsecraret,
871 1989 913 2036 ne
935 1971 969 2036 id
982 1972 1078 2056 'quod

2 2098 5 2106 ψ
112 2060 229 2118 natura
250 2058 386 2140 cogeret,
409 2054 477 2138 ipse
499 2073 632 2140 quoque
648 2053 710 2120 sibi
724 2055 923 2138 acceleraret,
946 2060 979 2120 et
1000 2077 1078 2140 quo·

111 2139 201 2202 niam
227 2141 309 2223 cum,
323 2159 451 2224 quoque
472 2142 582 2222 posset
607 2138 805 2221 temporibus
830 2156 1013 2224 superesse,
1043 2162 1077 2206 se

111 2221 173 2286 sibi
198 2222 329 2307 suisque
367 2225 557 2306 reservaret,
589 2242 699 2306 preces
735 2223 803 2288 eius
830 2224 991 2290 taciturna
1018 2244 1077 2289 sua

112 2306 330 2376 obstinatione
352 2305 517 2403 depressit.
535 2375 536 2380 γ
560 2307 605 2370 sic
627 2328 699 2370 cum
718 2306 853 2371 biduum
875 2309 946 2373 cibo
966 2329 999 2374 se
1022 2310 1104 2373 aba

111 2391 292 2474 stinuisset,
326 2392 433 2455 subito
460 2389 559 2453 febris
587 2391 723 2456 decessit
754 2391 919 2474 leviorque
945 2392 1077 2456 morbus

111 2495 181 2538 esse
203 2495 259 2539 coe
282 2474 318 2540 it.
354 2474 678 2558 tamenpropositum
699 2474 802 2539 nihilo
825 2475 928 2540 secius
941 2476 1076 2560 peregit.

111 2557 158 2620 ita
181 2579 221 2621 ue
272 2559 299 2622 'e
332 2557 461 2640 quinto,
492 2562 567 2642 post
589 2579 664 2636 uam
691 2557 724 2622 id
753 2557 923 2626 consilium
949 2559 1076 2644 inierat,

110 2642 163 2724 pri
188 2641 215 2706 ‘e
242 2641 315 2709 Kal.
343 2641 473 2725 Apriles
501 2639 560 2708 On.
615 2641 727 2706 omitio
756 2641 790 2710 Ο.
814 2641 911 2709 Sosio
937 2643 1076 2710 consuli-

111 2725 173 2787 bus
201 2725 342 2790 decessit.
388 2726 491 2790 elatus
513 2728 561 2790 est
582 2725 617 2790 in
643 2726 806 2810 lecticula,
831 2731 870 2794 ut
895 2729 965 2811 ipsc
985 2740 1108 2810 prae-,4

2 2884 3 2887 Ἴ
112 2806 298 2903 scripserat,
331 2810 399 2906 sine
432 2810 509 2907 ulla,
530 2827 650 2893 pompa
667 2810 813 2906 tuberis,
847 2812 1076 2876 comitantibus
1127 2837 1133 2847 ·

2 2912 3 2919 “
113 2891 264 2956 ommbus
289 2893 398 2976 bonis,
424 2902 566 2959 mamma
585 2893 676 2978 vulgi
696 2894 887 2977 frequentia.
915 2894 1076 2994 ,sepultus

111 2978 162 3038 est
181 2966 271 3044 iuxta
291 2976 382 3044 riam.
399 2976 540 3061 Appiam
561 2966 607 3040 'ad
629 2977 778 3061 quintum
794 2971 934 3064 lapidem
954 2999 990 3044 m
1008 2997 1077 3047 mo-

110 3063 266 3144 numento
288 3059 325 3136 Q.
349 3059 490 3143 Caecilii,
513 3061 664 3126 avunculi
685 3061 745 3160 sui,
780 3105 794 3122 t
820 3103 837 3121 ‚.
860 3108 863 3119 ,
883 3109 897 3122 1.
1013 3125 1015 3132 ,

505 3333 692 3342 μ--ι--υ--ο-
