<?xml version="1.0" encoding="UTF-8"?>
<!DOCTYPE html PUBLIC "-//W3C//DTD XHTML 1.0 Transitional//EN"
    "http://www.w3.org/TR/xhtml1/DTD/xhtml1-transitional.dtd">
<html xmlns="http://www.w3.org/1999/xhtml" xml:lang="en" lang="en">
 <head>
  <title>
</title>
<meta http-equiv="Content-Type" content="text/html;charset=utf-8" />
  <meta name='ocr-system' content='tesseract 3.04.00' />
  <meta name='ocr-capabilities' content='ocr_page ocr_carea ocr_par ocr_line ocrx_word'/>
</head>
<body>
  <div class='ocr_page' id='page_1' title='image "./corneliinepotis00halmgoog_0065.png"; bbox 0 0 2456 3884; ppageno 0'>
   <div class='ocr_carea' id='block_1_1' title="bbox 322 245 1035 310">
    <p class='ocr_par' dir='ltr' id='par_1_1' title="bbox 322 245 1035 310">
     <span class='ocr_line' id='line_1_1' title="bbox 322 245 1035 310; baseline 0.015 -11"><span class='ocrx_word' id='word_1_1' title='bbox 322 254 381 301; x_wconf 84' lang='lat' dir='ltr'><strong>xv.</strong></span> <span class='ocrx_word' id='word_1_2' title='bbox 418 255 678 307; x_wconf 74' lang='lat' dir='ltr'><strong>assumornss.</strong></span> <span class='ocrx_word' id='word_1_3' title='bbox 699 255 776 304; x_wconf 78' lang='lat' dir='ltr'><strong>4-e.</strong></span> <span class='ocrx_word' id='word_1_4' title='bbox 991 245 1035 310; x_wconf 83' lang='lat'><strong>59</strong></span> 
     </span>
    </p>
   </div>
   <div class='ocr_carea' id='block_1_2' title="bbox 49 389 1148 1147">
    <p class='ocr_par' dir='ltr' id='par_1_2' title="bbox 49 389 1063 978">
     <span class='ocr_line' id='line_1_2' title="bbox 49 389 1032 476; baseline 0.003 -21"><span class='ocrx_word' id='word_1_5' title='bbox 49 389 238 456; x_wconf 78' lang='lat' dir='ltr'>Chabriam</span> <span class='ocrx_word' id='word_1_6' title='bbox 247 389 491 473; x_wconf 75' lang='lat' dir='ltr'><strong>Atheniensem,</strong></span> <span class='ocrx_word' id='word_1_7' title='bbox 502 390 540 455; x_wconf 92' lang='lat' dir='ltr'><strong>de</strong></span> <span class='ocrx_word' id='word_1_8' title='bbox 554 413 619 474; x_wconf 90' lang='lat' dir='ltr'><strong>quo</strong></span> <span class='ocrx_word' id='word_1_9' title='bbox 633 412 731 476; x_wconf 86' lang='lat' dir='ltr'><strong>supra</strong></span> <span class='ocrx_word' id='word_1_10' title='bbox 744 392 942 458; x_wconf 86' lang='lat' dir='ltr'><strong>mentionem</strong></span> <span class='ocrx_word' id='word_1_11' title='bbox 956 393 1032 458; x_wconf 84' lang='lat' dir='ltr'><strong>ieci·</strong></span> 
     </span>
     <span class='ocr_line' id='line_1_3' title="bbox 50 473 1063 574; baseline 0.003 -34"><span class='ocrx_word' id='word_1_12' title='bbox 50 495 147 570; x_wconf 77' lang='lat' dir='ltr'><strong>mus,</strong></span> <span class='ocrx_word' id='word_1_13' title='bbox 168 473 283 571; x_wconf 65' lang='lat' dir='ltr'><strong>effecit,</strong></span> <span class='ocrx_word' id='word_1_14' title='bbox 316 473 530 540; x_wconf 70' lang='lat' dir='ltr'><strong>abstinentiae</strong></span> <span class='ocrx_word' id='word_1_15' title='bbox 553 476 614 539; x_wconf 88' lang='lat' dir='ltr'><strong>erit</strong></span> <span class='ocrx_word' id='word_1_16' title='bbox 634 474 697 541; x_wconf 90' lang='lat' dir='ltr'><strong>hoc</strong></span> <span class='ocrx_word' id='word_1_17' title='bbox 711 476 788 541; x_wconf 89' lang='lat' dir='ltr'><strong>satis</strong></span> <span class='ocrx_word' id='word_1_18' title='bbox 803 477 1063 574; x_wconf 78' lang='lat' dir='ltr'><strong>testimonium.e</strong></span> 
     </span>
     <span class='ocr_line' id='line_1_4' title="bbox 50 556 1035 739; baseline -0.01 -34"><span class='ocrx_word' id='word_1_19' title='bbox 50 556 527 739; x_wconf 60' lang='lat' dir='ltr'><strong>trentesiste</strong></span> <span class='ocrx_word' id='word_1_20' title='bbox 543 559 802 708; x_wconf 63' lang='lat' dir='ltr'><strong>risse}</strong></span> <span class='ocrx_word' id='word_1_21' title='bbox 810 560 1035 710; x_wconf 60' lang='lat' dir='ltr'><strong>ether:</strong></span> 
     </span>
     <span class='ocr_line' id='line_1_5' title="bbox 50 725 1033 809; baseline 0.004 -19"><span class='ocrx_word' id='word_1_22' title='bbox 50 726 200 790; x_wconf 78' lang='lat' dir='ltr'><strong>lentium</strong></span> <span class='ocrx_word' id='word_1_23' title='bbox 211 746 358 790; x_wconf 77' lang='lat' dir='ltr'><strong>virorum</strong></span> <span class='ocrx_word' id='word_1_24' title='bbox 371 725 584 809; x_wconf 78' lang='lat' dir='ltr'><strong>complurium</strong></span> <span class='ocrx_word' id='word_1_25' title='bbox 595 727 785 792; x_wconf 77' lang='lat' dir='ltr'><strong>concludere</strong></span> <span class='ocrx_word' id='word_1_26' title='bbox 799 729 1033 808; x_wconf 87' lang='lat' dir='ltr'><strong>constituimus,</strong></span> 
     </span>
     <span class='ocr_line' id='line_1_6' title="bbox 53 809 1034 896; baseline 0.005 -23"><span class='ocrx_word' id='word_1_27' title='bbox 53 831 203 893; x_wconf 87' lang='lat' dir='ltr'><strong>quorum</strong></span> <span class='ocrx_word' id='word_1_28' title='bbox 217 809 391 893; x_wconf 86' lang='lat' dir='ltr'><strong>separatim</strong></span> <span class='ocrx_word' id='word_1_29' title='bbox 405 809 516 874; x_wconf 87' lang='lat' dir='ltr'><strong>multis</strong></span> <span class='ocrx_word' id='word_1_30' title='bbox 530 809 661 875; x_wconf 87' lang='lat' dir='ltr'><strong>milibus</strong></span> <span class='ocrx_word' id='word_1_31' title='bbox 681 832 832 876; x_wconf 86' lang='lat' dir='ltr'><strong>versuum</strong></span> <span class='ocrx_word' id='word_1_32' title='bbox 853 813 1034 896; x_wconf 78' lang='lat' dir='ltr'><strong>complures</strong></span> 
     </span>
     <span class='ocr_line' id='line_1_7' title="bbox 54 893 648 978; baseline 0 -19"><span class='ocrx_word' id='word_1_33' title='bbox 54 895 236 978; x_wconf 82' lang='lat' dir='ltr'><strong>scriptores</strong></span> <span class='ocrx_word' id='word_1_34' title='bbox 259 897 335 958; x_wconf 86' lang='lat' dir='ltr'><strong>ante</strong></span> <span class='ocrx_word' id='word_1_35' title='bbox 356 915 417 958; x_wconf 90' lang='lat' dir='ltr'><strong>nos</strong></span> <span class='ocrx_word' id='word_1_36' title='bbox 438 893 648 978; x_wconf 79' lang='lat' dir='ltr'><strong>explicarunt.</strong></span> 
     </span>
    </p>

    <p class='ocr_par' dir='ltr' id='par_1_3' title="bbox 57 971 1148 1147">
     <span class='ocr_line' id='line_1_8' title="bbox 146 971 1148 1066; baseline 0.005 -24"><span class='ocrx_word' id='word_1_37' title='bbox 146 976 227 1042; x_wconf 84' lang='lat' dir='ltr'><strong>Fuit</strong></span> <span class='ocrx_word' id='word_1_38' title='bbox 253 971 351 1042; x_wconf 77' lang='lat' dir='ltr'><strong>etiam</strong></span> <span class='ocrx_word' id='word_1_39' title='bbox 373 977 527 1061; x_wconf 89' lang='lat' dir='ltr'><strong>disertus,</strong></span> <span class='ocrx_word' id='word_1_40' title='bbox 555 983 593 1043; x_wconf 91' lang='lat' dir='ltr'><strong>ut</strong></span> <span class='ocrx_word' id='word_1_41' title='bbox 611 999 708 1046; x_wconf 89' lang='lat' dir='ltr'><strong>nemo</strong></span> <span class='ocrx_word' id='word_1_42' title='bbox 730 980 760 1045; x_wconf 92' lang='lat' dir='ltr'><strong>ei</strong></span> <span class='ocrx_word' id='word_1_43' title='bbox 781 979 954 1048; x_wconf 80' lang='lat' dir='ltr'><strong>Thebanus</strong></span> <span class='ocrx_word' id='word_1_44' title='bbox 976 984 1070 1066; x_wconf 82' lang='lat' dir='ltr'><strong>pcr5</strong></span> <span class='ocrx_word' id='word_1_45' title='bbox 1145 987 1148 991; x_wconf 84' lang='grc'><strong>’</strong></span> 
     </span>
     <span class='ocr_line' id='line_1_9' title="bbox 57 1061 1033 1147; baseline 0.004 -21"><span class='ocrx_word' id='word_1_46' title='bbox 57 1065 148 1126; x_wconf 87' lang='lat' dir='ltr'><strong>esset</strong></span> <span class='ocrx_word' id='word_1_47' title='bbox 162 1061 358 1144; x_wconf 86' lang='lat' dir='ltr'><strong>eloquentia,</strong></span> <span class='ocrx_word' id='word_1_48' title='bbox 379 1083 486 1147; x_wconf 85' lang='lat' dir='ltr'><strong>neque</strong></span> <span class='ocrx_word' id='word_1_49' title='bbox 506 1063 614 1128; x_wconf 89' lang='lat' dir='ltr'><strong>minus</strong></span> <span class='ocrx_word' id='word_1_50' title='bbox 628 1064 806 1130; x_wconf 89' lang='lat' dir='ltr'><strong>concinnus</strong></span> <span class='ocrx_word' id='word_1_51' title='bbox 827 1066 862 1130; x_wconf 91' lang='lat' dir='ltr'><strong>in</strong></span> <span class='ocrx_word' id='word_1_52' title='bbox 878 1067 1033 1130; x_wconf 84' lang='lat' dir='ltr'><strong>brevitate</strong></span> 
     </span>
    </p>
   </div>
   <div class='ocr_carea' id='block_1_3' title="bbox 58 1144 1062 1315">
    <p class='ocr_par' dir='ltr' id='par_1_4' title="bbox 58 1144 1062 1315">
     <span class='ocr_line' id='line_1_10' title="bbox 58 1144 1062 1294; baseline 0.002 -84"><span class='ocrx_word' id='word_1_53' title='bbox 58 1144 281 1229; x_wconf 89' lang='lat' dir='ltr'><strong>respondendi</strong></span> <span class='ocrx_word' id='word_1_54' title='bbox 302 1167 400 1229; x_wconf 85' lang='lat' dir='ltr'><strong>quam</strong></span> <span class='ocrx_word' id='word_1_55' title='bbox 414 1146 619 1294; x_wconf 39' lang='lat' dir='ltr'><strong>infmia*</strong></span> <span class='ocrx_word' id='word_1_56' title='bbox 632 1149 778 1214; x_wconf 87' lang='lat' dir='ltr'><strong>oratione</strong></span> <span class='ocrx_word' id='word_1_57' title='bbox 799 1154 942 1214; x_wconf 81' lang='lat' dir='ltr'><strong>ornatus.</strong></span> <span class='ocrx_word' id='word_1_58' title='bbox 977 1150 1032 1213; x_wconf 91' lang='lat' dir='ltr'><strong>ha·</strong></span> <span class='ocrx_word' id='word_1_59' title='bbox 1046 1165 1062 1212; x_wconf 79' lang='lat'>2</span> 
     </span>
     <span class='ocr_line' id='line_1_11' title="bbox 58 1230 1033 1315; baseline 0.004 -22"><span class='ocrx_word' id='word_1_60' title='bbox 58 1230 137 1294; x_wconf 91' lang='lat' dir='ltr'><strong>buit</strong></span> <span class='ocrx_word' id='word_1_61' title='bbox 171 1231 418 1295; x_wconf 67' lang='lat' dir='ltr'><strong>obtrectatorem</strong></span> <span class='ocrx_word' id='word_1_62' title='bbox 487 1230 653 1297; x_wconf 89' lang='lat' dir='ltr'><strong>enecliden</strong></span> <span class='ocrx_word' id='word_1_63' title='bbox 683 1232 859 1315; x_wconf 85' lang='lat' dir='ltr'><strong>quendam,</strong></span> <span class='ocrx_word' id='word_1_64' title='bbox 891 1232 1033 1298; x_wconf 87' lang='lat' dir='ltr'><strong>indidem</strong></span> 
     </span>
    </p>
   </div>
   <div class='ocr_carea' id='block_1_4' title="bbox 59 1313 1033 1634">
    <p class='ocr_par' dir='ltr' id='par_1_5' title="bbox 59 1313 1033 1634">
     <span class='ocr_line' id='line_1_12' title="bbox 59 1313 1032 1400; baseline 0.005 -23"><span class='ocrx_word' id='word_1_65' title='bbox 59 1313 198 1396; x_wconf 85' lang='lat' dir='ltr'><strong>Thebis,</strong></span> <span class='ocrx_word' id='word_1_66' title='bbox 221 1316 254 1378; x_wconf 90' lang='lat' dir='ltr'><strong>et</strong></span> <span class='ocrx_word' id='word_1_67' title='bbox 273 1313 489 1380; x_wconf 84' lang='lat' dir='ltr'><strong>adversarium</strong></span> <span class='ocrx_word' id='word_1_68' title='bbox 510 1316 546 1379; x_wconf 90' lang='lat' dir='ltr'><strong>in</strong></span> <span class='ocrx_word' id='word_1_69' title='bbox 565 1314 818 1380; x_wconf 83' lang='lat' dir='ltr'><strong>administranda</strong></span> <span class='ocrx_word' id='word_1_70' title='bbox 838 1338 873 1380; x_wconf 89' lang='lat' dir='ltr'><strong>re</strong></span> <span class='ocrx_word' id='word_1_71' title='bbox 893 1317 1032 1400; x_wconf 86' lang='lat' dir='ltr'><strong>publica,</strong></span> 
     </span>
     <span class='ocr_line' id='line_1_13' title="bbox 60 1397 1033 1480; baseline 0.002 -18"><span class='ocrx_word' id='word_1_72' title='bbox 60 1399 141 1462; x_wconf 88' lang='lat' dir='ltr'><strong>satis</strong></span> <span class='ocrx_word' id='word_1_73' title='bbox 164 1397 376 1464; x_wconf 83' lang='lat' dir='ltr'><strong>exercitatum</strong></span> <span class='ocrx_word' id='word_1_74' title='bbox 397 1399 433 1463; x_wconf 92' lang='lat' dir='ltr'><strong>in</strong></span> <span class='ocrx_word' id='word_1_75' title='bbox 453 1398 605 1480; x_wconf 87' lang='lat' dir='ltr'><strong>dicendo,</strong></span> <span class='ocrx_word' id='word_1_76' title='bbox 626 1404 665 1466; x_wconf 91' lang='lat' dir='ltr'><strong>ut</strong></span> <span class='ocrx_word' id='word_1_77' title='bbox 685 1398 874 1466; x_wconf 88' lang='lat' dir='ltr'><strong>Thebanum</strong></span> <span class='ocrx_word' id='word_1_78' title='bbox 895 1400 1033 1466; x_wconf 85' lang='lat' dir='ltr'><strong>scilicet:</strong></span> 
     </span>
     <span class='ocr_line' id='line_1_14' title="bbox 62 1481 1032 1634; baseline 0.004 -88"><span class='ocrx_word' id='word_1_79' title='bbox 62 1503 204 1579; x_wconf 81' lang='lat' dir='ltr'><strong>namque</strong></span> <span class='ocrx_word' id='word_1_80' title='bbox 232 1481 282 1546; x_wconf 91' lang='lat' dir='ltr'><strong>illi</strong></span> <span class='ocrx_word' id='word_1_81' title='bbox 309 1484 398 1567; x_wconf 80' lang='lat' dir='ltr'><strong>genti</strong></span> <span class='ocrx_word' id='word_1_82' title='bbox 424 1483 498 1566; x_wconf 90' lang='lat' dir='ltr'><strong>plus</strong></span> <span class='ocrx_word' id='word_1_83' title='bbox 525 1483 610 1548; x_wconf 87' lang='lat' dir='ltr'><strong>inest</strong></span> <span class='ocrx_word' id='word_1_84' title='bbox 630 1484 747 1549; x_wconf 78' lang='lat' dir='ltr'><strong>virium</strong></span> <span class='ocrx_word' id='word_1_85' title='bbox 774 1505 872 1569; x_wconf 88' lang='lat' dir='ltr'><strong>quam</strong></span> <span class='ocrx_word' id='word_1_86' title='bbox 897 1485 1032 1634; x_wconf 66' lang='lat' dir='ltr'><strong>inperii.</strong></span> 
     </span>
    </p>
   </div>
   <div class='ocr_carea' id='block_1_5' title="bbox 1 1565 1066 3582">
    <p class='ocr_par' dir='ltr' id='par_1_6' title="bbox 1 1565 1066 3582">
     <span class='ocr_line' id='line_1_15' title="bbox 1 1565 1062 1653; baseline 0 -23"><span class='ocrx_word' id='word_1_87' title='bbox 1 1633 2 1652; x_wconf 13' lang='grc' dir='ltr'>ἒ</span> <span class='ocrx_word' id='word_1_88' title='bbox 63 1587 102 1647; x_wconf 82' lang='lat' dir='ltr'><strong>rs,</strong></span> <span class='ocrx_word' id='word_1_89' title='bbox 125 1565 213 1650; x_wconf 87' lang='lat' dir='ltr'><strong>quod</strong></span> <span class='ocrx_word' id='word_1_90' title='bbox 233 1566 270 1630; x_wconf 90' lang='lat' dir='ltr'><strong>in</strong></span> <span class='ocrx_word' id='word_1_91' title='bbox 291 1588 326 1631; x_wconf 89' lang='lat' dir='ltr'><strong>re</strong></span> <span class='ocrx_word' id='word_1_92' title='bbox 340 1567 473 1632; x_wconf 87' lang='lat' dir='ltr'><strong>militari</strong></span> <span class='ocrx_word' id='word_1_93' title='bbox 492 1566 606 1633; x_wconf 86' lang='lat' dir='ltr'><strong>florere</strong></span> <span class='ocrx_word' id='word_1_94' title='bbox 620 1566 879 1653; x_wconf 76' lang='lat' dir='ltr'><strong>Epaminondam</strong></span> <span class='ocrx_word' id='word_1_95' title='bbox 892 1569 925 1634; x_wconf 88' lang='lat' dir='ltr'><strong>vi</strong></span> <span class='ocrx_word' id='word_1_96' title='bbox 947 1571 1062 1652; x_wconf 73' lang='lat' dir='ltr'><strong>abate</strong></span> 
     </span>
     <span class='ocr_line' id='line_1_16' title="bbox 1 1650 1032 1735; baseline 0.002 -19"><span class='ocrx_word' id='word_1_97' title='bbox 1 1668 2 1716; x_wconf 82' lang='lat'>3</span> <span class='ocrx_word' id='word_1_98' title='bbox 63 1650 189 1715; x_wconf 83' lang='lat' dir='ltr'><strong>hortari</strong></span> <span class='ocrx_word' id='word_1_99' title='bbox 203 1650 330 1716; x_wconf 83' lang='lat' dir='ltr'><strong>solebat</strong></span> <span class='ocrx_word' id='word_1_100' title='bbox 342 1650 524 1733; x_wconf 75' lang='lat' dir='ltr'><strong>Thebanos,</strong></span> <span class='ocrx_word' id='word_1_101' title='bbox 546 1656 584 1717; x_wconf 92' lang='lat' dir='ltr'><strong>ut</strong></span> <span class='ocrx_word' id='word_1_102' title='bbox 596 1673 708 1735; x_wconf 86' lang='lat' dir='ltr'><strong>pacem</strong></span> <span class='ocrx_word' id='word_1_103' title='bbox 724 1652 810 1719; x_wconf 88' lang='lat' dir='ltr'><strong>bello</strong></span> <span class='ocrx_word' id='word_1_104' title='bbox 824 1654 1032 1734; x_wconf 80' lang='lat' dir='ltr'><strong>anteferrent,</strong></span> 
     </span>
     <span class='ocr_line' id='line_1_17' title="bbox 1 1733 1032 1819; baseline 0.005 -22"><span class='ocrx_word' id='word_1_105' title='bbox 1 1733 2 1788; x_wconf 77' lang='grc' dir='ltr'>ἶ</span> <span class='ocrx_word' id='word_1_106' title='bbox 64 1755 105 1798; x_wconf 92' lang='lat' dir='ltr'><strong>ne</strong></span> <span class='ocrx_word' id='word_1_107' title='bbox 126 1734 216 1799; x_wconf 90' lang='lat' dir='ltr'><strong>illins</strong></span> <span class='ocrx_word' id='word_1_108' title='bbox 242 1735 446 1819; x_wconf 85' lang='lat' dir='ltr'><strong>imperatoris</strong></span> <span class='ocrx_word' id='word_1_109' title='bbox 468 1757 567 1819; x_wconf 81' lang='lat' dir='ltr'><strong>opera</strong></span> <span class='ocrx_word' id='word_1_110' title='bbox 593 1736 832 1802; x_wconf 86' lang='lat' dir='ltr'><strong>desideraretur.</strong></span> <span class='ocrx_word' id='word_1_111' title='bbox 876 1737 953 1802; x_wconf 89' lang='lat' dir='ltr'><strong>huic</strong></span> <span class='ocrx_word' id='word_1_112' title='bbox 977 1737 1032 1802; x_wconf 91' lang='lat' dir='ltr'><strong>ille</strong></span> 
     </span>
     <span class='ocr_line' id='line_1_18' title="bbox 1 1817 1032 1915; baseline 0.004 -34"><span class='ocrx_word' id='word_1_113' title='bbox 1 1831 2 1896; x_wconf 59' lang='lat' dir='ltr'><strong>l</strong></span> <span class='ocrx_word' id='word_1_114' title='bbox 65 1817 174 1882; x_wconf 80' lang='lat' dir='ltr'><strong>‘fallis’</strong></span> <span class='ocrx_word' id='word_1_115' title='bbox 208 1819 317 1915; x_wconf 82' lang='lat' dir='ltr'><strong>inquit</strong></span> <span class='ocrx_word' id='word_1_116' title='bbox 349 1820 458 1884; x_wconf 79' lang='lat' dir='ltr'><strong>‘verbo</strong></span> <span class='ocrx_word' id='word_1_117' title='bbox 485 1820 571 1885; x_wconf 84' lang='lat' dir='ltr'><strong>cives</strong></span> <span class='ocrx_word' id='word_1_118' title='bbox 592 1825 682 1900; x_wconf 89' lang='lat' dir='ltr'><strong>tuos,</strong></span> <span class='ocrx_word' id='word_1_119' title='bbox 710 1819 797 1903; x_wconf 88' lang='lat' dir='ltr'><strong>quod</strong></span> <span class='ocrx_word' id='word_1_120' title='bbox 822 1819 884 1884; x_wconf 91' lang='lat' dir='ltr'><strong>hos</strong></span> <span class='ocrx_word' id='word_1_121' title='bbox 905 1843 925 1885; x_wconf 86' lang='lat' dir='ltr'><strong>a</strong></span> <span class='ocrx_word' id='word_1_122' title='bbox 945 1821 1032 1885; x_wconf 92' lang='lat' dir='ltr'><strong>bello</strong></span> 
     </span>
     <span class='ocr_line' id='line_1_19' title="bbox 1 1903 1062 1970; baseline 0 -4"><span class='ocrx_word' id='word_1_123' title='bbox 1 1905 2 1916; x_wconf 59' lang='lat'>¹</span> <span class='ocrx_word' id='word_1_124' title='bbox 65 1923 196 1967; x_wconf 82' lang='lat' dir='ltr'><strong>avocas:</strong></span> <span class='ocrx_word' id='word_1_125' title='bbox 220 1903 280 1968; x_wconf 83' lang='lat' dir='ltr'><strong>otri</strong></span> <span class='ocrx_word' id='word_1_126' title='bbox 295 1903 381 1968; x_wconf 90' lang='lat' dir='ltr'><strong>enim</strong></span> <span class='ocrx_word' id='word_1_127' title='bbox 399 1904 532 1970; x_wconf 89' lang='lat' dir='ltr'><strong>nomine</strong></span> <span class='ocrx_word' id='word_1_128' title='bbox 554 1905 741 1968; x_wconf 85' lang='lat' dir='ltr'><strong>servitutem</strong></span> <span class='ocrx_word' id='word_1_129' title='bbox 756 1903 917 1968; x_wconf 89' lang='lat' dir='ltr'><strong>concilias.</strong></span> <span class='ocrx_word' id='word_1_130' title='bbox 954 1919 1062 1970; x_wconf 83' lang='lat' dir='ltr'><strong>nam4</strong></span> 
     </span>
     <span class='ocr_line' id='line_1_20' title="bbox 1 1987 1032 2136; baseline 0.002 -86"><span class='ocrx_word' id='word_1_131' title='bbox 1 2006 2 2060; x_wconf 59' lang='lat' dir='ltr'><strong>l</strong></span> <span class='ocrx_word' id='word_1_132' title='bbox 64 1988 191 2134; x_wconf 79' lang='lat' dir='ltr'><strong>paritur</strong></span> <span class='ocrx_word' id='word_1_133' title='bbox 205 2008 270 2069; x_wconf 87' lang='lat' dir='ltr'><strong>pax</strong></span> <span class='ocrx_word' id='word_1_134' title='bbox 283 1987 378 2052; x_wconf 90' lang='lat' dir='ltr'><strong>bello.</strong></span> <span class='ocrx_word' id='word_1_135' title='bbox 415 1988 524 2136; x_wconf 62' lang='lat' dir='ltr'><strong>impie</strong></span> <span class='ocrx_word' id='word_1_136' title='bbox 539 1988 595 2072; x_wconf 88' lang='lat' dir='ltr'><strong>qui</strong></span> <span class='ocrx_word' id='word_1_137' title='bbox 617 2009 656 2052; x_wconf 89' lang='lat' dir='ltr'><strong>ea</strong></span> <span class='ocrx_word' id='word_1_138' title='bbox 674 1987 800 2053; x_wconf 89' lang='lat' dir='ltr'><strong>diutina</strong></span> <span class='ocrx_word' id='word_1_139' title='bbox 820 1989 935 2053; x_wconf 82' lang='lat' dir='ltr'><strong>volunt</strong></span> <span class='ocrx_word' id='word_1_140' title='bbox 955 1989 1032 2073; x_wconf 87' lang='lat' dir='ltr'><strong>irui,</strong></span> 
     </span>
     <span class='ocr_line' id='line_1_21' title="bbox 1 2071 1033 2156; baseline 0.009 -28"><span class='ocrx_word' id='word_1_141' title='bbox 1 2073 2 2128; x_wconf 80' lang='lat'>3</span> <span class='ocrx_word' id='word_1_142' title='bbox 86 2071 153 2135; x_wconf 87' lang='lat' dir='ltr'><strong>cllo</strong></span> <span class='ocrx_word' id='word_1_143' title='bbox 169 2071 332 2135; x_wconf 85' lang='lat' dir='ltr'><strong>exercitati</strong></span> <span class='ocrx_word' id='word_1_144' title='bbox 346 2092 414 2136; x_wconf 89' lang='lat' dir='ltr'><strong>esse</strong></span> <span class='ocrx_word' id='word_1_145' title='bbox 435 2073 473 2136; x_wconf 89' lang='lat' dir='ltr'><strong>dc</strong></span> <span class='ocrx_word' id='word_1_146' title='bbox 497 2075 562 2137; x_wconf 89' lang='lat' dir='ltr'><strong>ent.</strong></span> <span class='ocrx_word' id='word_1_147' title='bbox 599 2093 697 2155; x_wconf 88' lang='lat' dir='ltr'><strong>quare</strong></span> <span class='ocrx_word' id='word_1_148' title='bbox 719 2073 747 2137; x_wconf 84' lang='lat' dir='ltr'><strong>si</strong></span> <span class='ocrx_word' id='word_1_149' title='bbox 760 2072 921 2156; x_wconf 87' lang='lat' dir='ltr'><strong>principes</strong></span> <span class='ocrx_word' id='word_1_150' title='bbox 936 2071 1033 2138; x_wconf 80' lang='lat' dir='ltr'><strong>Grae·</strong></span> 
     </span>
     <span class='ocr_line' id='line_1_22' title="bbox 65 2153 1032 2240; baseline 0.004 -22"><span class='ocrx_word' id='word_1_151' title='bbox 65 2155 135 2220; x_wconf 87' lang='lat' dir='ltr'><strong>ciac</strong></span> <span class='ocrx_word' id='word_1_152' title='bbox 157 2153 257 2218; x_wconf 84' lang='lat' dir='ltr'><strong>vultis</strong></span> <span class='ocrx_word' id='word_1_153' title='bbox 277 2175 354 2239; x_wconf 90' lang='lat' dir='ltr'><strong>esse,</strong></span> <span class='ocrx_word' id='word_1_154' title='bbox 375 2156 488 2220; x_wconf 86' lang='lat' dir='ltr'><strong>castris</strong></span> <span class='ocrx_word' id='word_1_155' title='bbox 509 2160 559 2221; x_wconf 89' lang='lat' dir='ltr'><strong>est</strong></span> <span class='ocrx_word' id='word_1_156' title='bbox 579 2156 672 2222; x_wconf 85' lang='lat' dir='ltr'><strong>vobis</strong></span> <span class='ocrx_word' id='word_1_157' title='bbox 693 2156 862 2239; x_wconf 87' lang='lat' dir='ltr'><strong>utendum,</strong></span> <span class='ocrx_word' id='word_1_158' title='bbox 888 2178 955 2222; x_wconf 90' lang='lat' dir='ltr'><strong>non</strong></span> <span class='ocrx_word' id='word_1_159' title='bbox 977 2177 1032 2240; x_wconf 84' lang='lat' dir='ltr'><strong>pa·</strong></span> 
     </span>
     <span class='ocr_line' id='line_1_23' title="bbox 1 2237 1061 2322; baseline 0 -20"><span class='ocrx_word' id='word_1_160' title='bbox 1 2269 2 2316; x_wconf 72' lang='lat'>3</span> <span class='ocrx_word' id='word_1_161' title='bbox 65 2239 205 2303; x_wconf 81' lang='lat' dir='ltr'><strong>hestra’</strong></span> <span class='ocrx_word' id='word_1_162' title='bbox 255 2237 340 2303; x_wconf 90' lang='lat' dir='ltr'><strong>idem</strong></span> <span class='ocrx_word' id='word_1_163' title='bbox 365 2239 420 2305; x_wconf 90' lang='lat' dir='ltr'><strong>ille</strong></span> <span class='ocrx_word' id='word_1_164' title='bbox 441 2238 635 2306; x_wconf 89' lang='lat' dir='ltr'><strong>Meneclides</strong></span> <span class='ocrx_word' id='word_1_165' title='bbox 662 2262 736 2306; x_wconf 90' lang='lat' dir='ltr'><strong>cum</strong></span> <span class='ocrx_word' id='word_1_166' title='bbox 762 2241 838 2306; x_wconf 91' lang='lat' dir='ltr'><strong>huic</strong></span> <span class='ocrx_word' id='word_1_167' title='bbox 868 2241 1061 2322; x_wconf 85' lang='lat' dir='ltr'><strong>obiiceret,c</strong></span> 
     </span>
     <span class='ocr_line' id='line_1_24' title="bbox 1 2322 1031 2406; baseline 0.005 -20"><span class='ocrx_word' id='word_1_168' title='bbox 1 2349 2 2372; x_wconf 67' lang='lat'>2</span> <span class='ocrx_word' id='word_1_169' title='bbox 67 2322 152 2406; x_wconf 89' lang='lat' dir='ltr'><strong>quod</strong></span> <span class='ocrx_word' id='word_1_170' title='bbox 179 2322 299 2388; x_wconf 83' lang='lat' dir='ltr'><strong>liberos</strong></span> <span class='ocrx_word' id='word_1_171' title='bbox 325 2329 393 2388; x_wconf 86' lang='lat' dir='ltr'><strong>&#39;non</strong></span> <span class='ocrx_word' id='word_1_172' title='bbox 425 2323 559 2389; x_wconf 84' lang='lat' dir='ltr'><strong>haberet</strong></span> <span class='ocrx_word' id='word_1_173' title='bbox 584 2346 626 2389; x_wconf 88' lang='lat' dir='ltr'><strong>ne</strong></span> <span class='ocrx_word' id='word_1_174' title='bbox 649 2346 689 2390; x_wconf 92' lang='lat' dir='ltr'><strong>ue</strong></span> <span class='ocrx_word' id='word_1_175' title='bbox 721 2346 854 2390; x_wconf 82' lang='lat' dir='ltr'><strong>uxorem</strong></span> <span class='ocrx_word' id='word_1_176' title='bbox 881 2325 1031 2404; x_wconf 88' lang='lat' dir='ltr'><strong>duxisset,</strong></span> 
     </span>
     <span class='ocr_line' id='line_1_25' title="bbox 66 2347 1032 2492; baseline 0.002 -22"><span class='ocrx_word' id='word_1_177' title='bbox 66 2408 267 2489; x_wconf 87' lang='lat' dir='ltr'><strong>maximeque</strong></span> <span class='ocrx_word' id='word_1_178' title='bbox 299 2407 520 2491; x_wconf 87' lang='lat' dir='ltr'><strong>insolentiam,</strong></span> <span class='ocrx_word' id='word_1_179' title='bbox 561 2347 648 2490; x_wconf 60' lang='lat' dir='ltr'><strong>quod</strong></span> <span class='ocrx_word' id='word_1_180' title='bbox 684 2408 746 2473; x_wconf 90' lang='lat' dir='ltr'><strong>sibi</strong></span> <span class='ocrx_word' id='word_1_181' title='bbox 777 2408 1032 2492; x_wconf 87' lang='lat' dir='ltr'><strong>Agamemnonis</strong></span> 
     </span>
     <span class='ocr_line' id='line_1_26' title="bbox 67 2489 1030 2575; baseline 0.001 -21"><span class='ocrx_word' id='word_1_182' title='bbox 67 2490 142 2554; x_wconf 91' lang='lat' dir='ltr'><strong>belli</strong></span> <span class='ocrx_word' id='word_1_183' title='bbox 164 2490 303 2575; x_wconf 80' lang='lat' dir='ltr'><strong>gloriam</strong></span> <span class='ocrx_word' id='word_1_184' title='bbox 331 2490 492 2558; x_wconf 81' lang='lat' dir='ltr'><strong>videretur</strong></span> <span class='ocrx_word' id='word_1_185' title='bbox 518 2495 724 2557; x_wconf 88' lang='lat' dir='ltr'><strong>consecutus:</strong></span> <span class='ocrx_word' id='word_1_186' title='bbox 757 2494 792 2556; x_wconf 85' lang='lat' dir='ltr'><strong>at</strong></span> <span class='ocrx_word' id='word_1_187' title='bbox 819 2490 874 2555; x_wconf 88' lang='lat' dir='ltr'><strong>ille</strong></span> <span class='ocrx_word' id='word_1_188' title='bbox 897 2489 1030 2566; x_wconf 79' lang='lat' dir='ltr'><strong>‘desine&#39;</strong></span> 
     </span>
     <span class='ocr_line' id='line_1_27' title="bbox 67 2573 1031 2659; baseline 0.003 -22"><span class='ocrx_word' id='word_1_189' title='bbox 67 2575 100 2637; x_wconf 90' lang='lat' dir='ltr'><strong>in</strong></span> <span class='ocrx_word' id='word_1_190' title='bbox 124 2574 173 2638; x_wconf 90' lang='lat' dir='ltr'><strong>uit</strong></span> <span class='ocrx_word' id='word_1_191' title='bbox 194 2573 402 2659; x_wconf 58' lang='lat' dir='ltr'><strong>‘Meneclidm</strong></span> <span class='ocrx_word' id='word_1_192' title='bbox 431 2575 471 2641; x_wconf 92' lang='lat' dir='ltr'><strong>de</strong></span> <span class='ocrx_word' id='word_1_193' title='bbox 497 2596 597 2641; x_wconf 87' lang='lat' dir='ltr'><strong>uxore</strong></span> <span class='ocrx_word' id='word_1_194' title='bbox 618 2575 700 2649; x_wconf 87' lang='lat' dir='ltr'><strong>mihi</strong></span> <span class='ocrx_word' id='word_1_195' title='bbox 721 2575 928 2658; x_wconf 81' lang='lat' dir='ltr'><strong>exprobrare:</strong></span> <span class='ocrx_word' id='word_1_196' title='bbox 955 2596 1031 2640; x_wconf 87' lang='lat' dir='ltr'><strong>nam</strong></span> 
     </span>
     <span class='ocr_line' id='line_1_28' title="bbox 67 2658 1032 2742; baseline 0.002 -20"><span class='ocrx_word' id='word_1_197' title='bbox 67 2679 110 2722; x_wconf 89' lang='lat' dir='ltr'><strong>nu</strong></span> <span class='ocrx_word' id='word_1_198' title='bbox 136 2659 186 2722; x_wconf 85' lang='lat' dir='ltr'><strong>ius</strong></span> <span class='ocrx_word' id='word_1_199' title='bbox 207 2658 244 2723; x_wconf 87' lang='lat' dir='ltr'><strong>in</strong></span> <span class='ocrx_word' id='word_1_200' title='bbox 258 2658 321 2723; x_wconf 86' lang='lat' dir='ltr'><strong>ista</strong></span> <span class='ocrx_word' id='word_1_201' title='bbox 341 2681 376 2723; x_wconf 90' lang='lat' dir='ltr'><strong>re</strong></span> <span class='ocrx_word' id='word_1_202' title='bbox 397 2659 503 2724; x_wconf 90' lang='lat' dir='ltr'><strong>minus</strong></span> <span class='ocrx_word' id='word_1_203' title='bbox 523 2661 573 2724; x_wconf 90' lang='lat' dir='ltr'><strong>uti</strong></span> <span class='ocrx_word' id='word_1_204' title='bbox 593 2659 728 2724; x_wconf 89' lang='lat' dir='ltr'><strong>consilio</strong></span> <span class='ocrx_word' id='word_1_205' title='bbox 750 2659 849 2724; x_wconf 69' lang='lat' dir='ltr'><strong>volo?</strong></span> <span class='ocrx_word' id='word_1_206' title='bbox 879 2659 1032 2742; x_wconf 87' lang='lat' dir='ltr'><strong>(habebat</strong></span> 
     </span>
     <span class='ocr_line' id='line_1_29' title="bbox 68 2740 1060 2828; baseline 0.001 -23"><span class='ocrx_word' id='word_1_207' title='bbox 68 2742 152 2806; x_wconf 90' lang='lat' dir='ltr'><strong>enim</strong></span> <span class='ocrx_word' id='word_1_208' title='bbox 166 2740 361 2807; x_wconf 85' lang='lat' dir='ltr'><strong>Meneclides</strong></span> <span class='ocrx_word' id='word_1_209' title='bbox 375 2744 590 2828; x_wconf 87' lang='lat' dir='ltr'><strong>suspicionem</strong></span> <span class='ocrx_word' id='word_1_210' title='bbox 604 2743 777 2828; x_wconf 86' lang='lat' dir='ltr'><strong>adulterii.)</strong></span> <span class='ocrx_word' id='word_1_211' title='bbox 808 2746 907 2828; x_wconf 80' lang='lat' dir='ltr'><strong>‘quod</strong></span> <span class='ocrx_word' id='word_1_212' title='bbox 921 2748 1029 2808; x_wconf 89' lang='lat' dir='ltr'><strong>autem</strong></span> <span class='ocrx_word' id='word_1_213' title='bbox 1043 2759 1060 2806; x_wconf 83' lang='lat' dir='ltr'><strong>e</strong></span> 
     </span>
     <span class='ocr_line' id='line_1_30' title="bbox 67 2826 1031 2911; baseline 0.003 -23"><span class='ocrx_word' id='word_1_214' title='bbox 67 2847 117 2889; x_wconf 91' lang='lat' dir='ltr'><strong>me</strong></span> <span class='ocrx_word' id='word_1_215' title='bbox 142 2827 174 2890; x_wconf 90' lang='lat' dir='ltr'>A</span> <span class='ocrx_word' id='word_1_216' title='bbox 198 2847 423 2892; x_wconf 88' lang='lat' dir='ltr'><strong>amemnonem</strong></span> <span class='ocrx_word' id='word_1_217' title='bbox 450 2826 604 2892; x_wconf 86' lang='lat' dir='ltr'><strong>aemulari</strong></span> <span class='ocrx_word' id='word_1_218' title='bbox 630 2832 740 2911; x_wconf 84' lang='lat' dir='ltr'><strong>putes,</strong></span> <span class='ocrx_word' id='word_1_219' title='bbox 768 2826 899 2892; x_wconf 81' lang='lat' dir='ltr'><strong>falleris.</strong></span> <span class='ocrx_word' id='word_1_220' title='bbox 942 2848 1031 2891; x_wconf 91' lang='lat' dir='ltr'><strong>nam·</strong></span> 
     </span>
     <span class='ocr_line' id='line_1_31' title="bbox 68 2846 1031 2992; baseline 0.002 -20"><span class='ocrx_word' id='word_1_221' title='bbox 68 2930 128 2992; x_wconf 89' lang='lat' dir='ltr'><strong>que</strong></span> <span class='ocrx_word' id='word_1_222' title='bbox 149 2846 205 2974; x_wconf 64' lang='lat' dir='ltr'><strong>tlh</strong></span> <span class='ocrx_word' id='word_1_223' title='bbox 220 2931 294 2974; x_wconf 89' lang='lat' dir='ltr'><strong>oum</strong></span> <span class='ocrx_word' id='word_1_224' title='bbox 308 2912 457 2976; x_wconf 87' lang='lat' dir='ltr'><strong>universa</strong></span> <span class='ocrx_word' id='word_1_225' title='bbox 471 2909 606 2975; x_wconf 84' lang='lat' dir='ltr'><strong>Graecia</strong></span> <span class='ocrx_word' id='word_1_226' title='bbox 625 2912 681 2975; x_wconf 80' lang='lat' dir='ltr'><strong>vix</strong></span> <span class='ocrx_word' id='word_1_227' title='bbox 694 2912 804 2976; x_wconf 87' lang='lat' dir='ltr'><strong>decem</strong></span> <span class='ocrx_word' id='word_1_228' title='bbox 824 2911 918 2974; x_wconf 89' lang='lat' dir='ltr'><strong>annis</strong></span> <span class='ocrx_word' id='word_1_229' title='bbox 933 2931 1031 2975; x_wconf 88' lang='lat' dir='ltr'><strong>unam</strong></span> 
     </span>
     <span class='ocr_line' id='line_1_32' title="bbox 67 2993 1030 3078; baseline 0.002 -22"><span class='ocrx_word' id='word_1_230' title='bbox 67 2993 152 3076; x_wconf 89' lang='lat' dir='ltr'><strong>cepit</strong></span> <span class='ocrx_word' id='word_1_231' title='bbox 171 2993 301 3075; x_wconf 88' lang='lat' dir='ltr'><strong>urbem,</strong></span> <span class='ocrx_word' id='word_1_232' title='bbox 323 3015 384 3078; x_wconf 81' lang='lat' dir='ltr'><strong>ego</strong></span> <span class='ocrx_word' id='word_1_233' title='bbox 406 2998 519 3060; x_wconf 84' lang='lat' dir='ltr'><strong>contra</strong></span> <span class='ocrx_word' id='word_1_234' title='bbox 539 3016 578 3060; x_wconf 91' lang='lat' dir='ltr'><strong>ca</strong></span> <span class='ocrx_word' id='word_1_235' title='bbox 597 3016 664 3058; x_wconf 89' lang='lat' dir='ltr'><strong>una</strong></span> <span class='ocrx_word' id='word_1_236' title='bbox 684 2995 762 3058; x_wconf 86' lang='lat' dir='ltr'><strong>urbe</strong></span> <span class='ocrx_word' id='word_1_237' title='bbox 783 2997 896 3059; x_wconf 86' lang='lat' dir='ltr'><strong>nostra</strong></span> <span class='ocrx_word' id='word_1_238' title='bbox 916 2994 1030 3077; x_wconf 89' lang='lat' dir='ltr'><strong>dieque</strong></span> 
     </span>
     <span class='ocr_line' id='line_1_33' title="bbox 68 3076 1028 3163; baseline 0.001 -22"><span class='ocrx_word' id='word_1_239' title='bbox 68 3097 132 3141; x_wconf 90' lang='lat' dir='ltr'><strong>uno</strong></span> <span class='ocrx_word' id='word_1_240' title='bbox 153 3081 258 3142; x_wconf 87' lang='lat' dir='ltr'><strong>totam</strong></span> <span class='ocrx_word' id='word_1_241' title='bbox 274 3076 442 3143; x_wconf 85' lang='lat' dir='ltr'><strong>Graeciam</strong></span> <span class='ocrx_word' id='word_1_242' title='bbox 457 3077 716 3143; x_wconf 85' lang='lat' dir='ltr'><strong>Lacedaemoniis</strong></span> <span class='ocrx_word' id='word_1_243' title='bbox 737 3078 858 3163; x_wconf 84' lang='lat' dir='ltr'><strong>iugatis</strong></span> <span class='ocrx_word' id='word_1_244' title='bbox 873 3077 1028 3143; x_wconf 69' lang='lat' dir='ltr'><strong>liberavi!</strong></span> 
     </span>
     <span class='ocr_line' id='line_1_34' title="bbox 148 3159 1066 3245; baseline 0.004 -21"><span class='ocrx_word' id='word_1_245' title='bbox 148 3159 238 3226; x_wconf 89' lang='lat' dir='ltr'><strong>Idem</strong></span> <span class='ocrx_word' id='word_1_246' title='bbox 260 3182 335 3226; x_wconf 89' lang='lat' dir='ltr'><strong>cum</strong></span> <span class='ocrx_word' id='word_1_247' title='bbox 356 3163 605 3236; x_wconf 80' lang='lat' dir='ltr'><strong>inconventum</strong></span> <span class='ocrx_word' id='word_1_248' title='bbox 625 3162 765 3227; x_wconf 87' lang='lat' dir='ltr'><strong>venisset</strong></span> <span class='ocrx_word' id='word_1_249' title='bbox 784 3160 955 3242; x_wconf 88' lang='lat' dir='ltr'><strong>Arcadum,</strong></span> <span class='ocrx_word' id='word_1_250' title='bbox 977 3163 1066 3245; x_wconf 86' lang='lat' dir='ltr'><strong>pe·6</strong></span> 
     </span>
     <span class='ocr_line' id='line_1_35' title="bbox 67 3245 1029 3333; baseline 0.004 -25"><span class='ocrx_word' id='word_1_251' title='bbox 67 3249 137 3308; x_wconf 82' lang='lat' dir='ltr'><strong>tens</strong></span> <span class='ocrx_word' id='word_1_252' title='bbox 150 3249 189 3310; x_wconf 89' lang='lat' dir='ltr'><strong>ut</strong></span> <span class='ocrx_word' id='word_1_253' title='bbox 207 3247 395 3310; x_wconf 85' lang='lat' dir='ltr'><strong>societatem</strong></span> <span class='ocrx_word' id='word_1_254' title='bbox 408 3267 482 3311; x_wconf 88' lang='lat' dir='ltr'><strong>cum</strong></span> <span class='ocrx_word' id='word_1_255' title='bbox 495 3245 656 3312; x_wconf 80' lang='lat' dir='ltr'><strong>Thebanis</strong></span> <span class='ocrx_word' id='word_1_256' title='bbox 678 3249 711 3310; x_wconf 87' lang='lat' dir='ltr'><strong>et</strong></span> <span class='ocrx_word' id='word_1_257' title='bbox 724 3246 857 3333; x_wconf 78' lang='lat' dir='ltr'><strong>Argivis</strong></span> <span class='ocrx_word' id='word_1_258' title='bbox 876 3245 1029 3330; x_wconf 89' lang='lat' dir='ltr'><strong>fecerent,</strong></span> 
     </span>
     <span class='ocr_line' id='line_1_36' title="bbox 67 3329 1030 3414; baseline 0.003 -22"><span class='ocrx_word' id='word_1_259' title='bbox 67 3332 240 3412; x_wconf 88' lang='lat' dir='ltr'><strong>contraque</strong></span> <span class='ocrx_word' id='word_1_260' title='bbox 273 3329 490 3411; x_wconf 79' lang='lat' dir='ltr'><strong>Callistratus,</strong></span> <span class='ocrx_word' id='word_1_261' title='bbox 523 3329 771 3395; x_wconf 88' lang='lat' dir='ltr'><strong>Atheniensium</strong></span> <span class='ocrx_word' id='word_1_262' title='bbox 802 3330 942 3414; x_wconf 81' lang='lat' dir='ltr'><strong>legatus,</strong></span> <span class='ocrx_word' id='word_1_263' title='bbox 973 3333 1030 3414; x_wconf 89' lang='lat' dir='ltr'><strong>qui</strong></span> 
     </span>
     <span class='ocr_line' id='line_1_37' title="bbox 66 3413 1029 3498; baseline 0 -22"><span class='ocrx_word' id='word_1_264' title='bbox 66 3413 249 3496; x_wconf 87' lang='lat' dir='ltr'><strong>eloquentia</strong></span> <span class='ocrx_word' id='word_1_265' title='bbox 269 3435 383 3479; x_wconf 91' lang='lat' dir='ltr'><strong>omnes</strong></span> <span class='ocrx_word' id='word_1_266' title='bbox 405 3434 442 3478; x_wconf 90' lang='lat' dir='ltr'><strong>eo</strong></span> <span class='ocrx_word' id='word_1_267' title='bbox 466 3415 651 3498; x_wconf 85' lang='lat' dir='ltr'><strong>praestabat</strong></span> <span class='ocrx_word' id='word_1_268' title='bbox 670 3418 829 3498; x_wconf 83' lang='lat' dir='ltr'><strong>tempore,</strong></span> <span class='ocrx_word' id='word_1_269' title='bbox 851 3414 1029 3496; x_wconf 86' lang='lat' dir='ltr'><strong>postularet</strong></span> 
     </span>
     <span class='ocr_line' id='line_1_38' title="bbox 67 3498 1029 3582; baseline -0.001 -21"><span class='ocrx_word' id='word_1_270' title='bbox 67 3500 102 3561; x_wconf 88' lang='lat' dir='ltr'><strong>ut</strong></span> <span class='ocrx_word' id='word_1_271' title='bbox 132 3498 241 3582; x_wconf 90' lang='lat' dir='ltr'><strong>potius</strong></span> <span class='ocrx_word' id='word_1_272' title='bbox 272 3498 446 3563; x_wconf 86' lang='lat' dir='ltr'><strong>amicitiam</strong></span> <span class='ocrx_word' id='word_1_273' title='bbox 473 3503 682 3582; x_wconf 86' lang='lat' dir='ltr'><strong>sequerentur</strong></span> <span class='ocrx_word' id='word_1_274' title='bbox 708 3499 905 3579; x_wconf 89' lang='lat' dir='ltr'><strong>Atticorum,</strong></span> <span class='ocrx_word' id='word_1_275' title='bbox 932 3501 965 3561; x_wconf 91' lang='lat' dir='ltr'><strong>et</strong></span> <span class='ocrx_word' id='word_1_276' title='bbox 993 3498 1029 3560; x_wconf 92' lang='lat' dir='ltr'><strong>in</strong></span> 
     </span>
    </p>
   </div>
   <div class='ocr_carea' id='block_1_6' title="bbox 0 0 1245 3884">
    <p class='ocr_par' dir='ltr' id='par_1_7' title="bbox 0 0 1245 3884">
     <span class='ocr_line' id='line_1_39' title="bbox 0 0 1245 3884; baseline 0 0"><span class='ocrx_word' id='word_1_277' title='bbox 0 0 1245 3884; x_wconf 95' lang='lat' dir='ltr'><strong> </strong></span> 
     </span>
    </p>
   </div>
  </div>
 </body>
</html>
