2456 3884
169 189 211 256 38
516 204 566 250 x.·
588 200 685 249 mon.
708 197 772 245 1-s

171 337 334 421 obeundo,
361 337 497 402 fideliter
524 333 775 402 sdmimsnando
797 333 1051 400 crudelissimum
1074 356 1137 400 no·

63 455 65 461 ,
140 435 247 490 omen
267 422 396 506 tyranni
418 443 475 486 sua
495 419 695 484 humanitate
714 418 862 485 leniebat.
906 417 993 484 huno
1014 441 1035 482 a
1055 417 1136 484 Dio

169 507 263 590 nysio
291 507 423 570 missum
450 503 732 588 Carthaginienses
759 502 804 567 eie
832 506 1057 585 suspexerunt,
1097 508 1137 568 ut

170 591 332 656 neminem
359 609 511 672 umquam
539 585 661 652 Graece
682 587 794 671 lingua
821 585 1007 670 loquentem
1028 587 1136 672 magis

170 675 235 738 sint
256 672 414 738 edmireti.

133 757 154 820 2
253 755 368 839 Neque
395 777 472 822 vero
504 755 582 820 haee
611 754 804 838 Dionysium
836 754 1017 839 fugiebant:
1055 764 1136 820 nam

170 845 292 937 quanto
316 844 399 939 esset
420 840 482 905 eibi
497 843 709 936 ornamento,
736 837 903 904 sentiebat.
948 859 1012 920 quo
1034 839 1136 904 fiebat

139 922 765 1103 2tst..ht⁰fitt;¹?⁰;t⁶tttf
787 941 1135 1071 clitellarii?

169 1095 297 1156 rentum
318 1091 443 1156 venisse
464 1090 551 1154 fama
572 1112 607 1155 m
652 1089 770 1154 uorham
792 1092 875 1154 esset
895 1089 1034 1172 perlate,
1056 1089 1134 1156 adu·

169 1175 303 1242 leeoenti
328 1195 447 1261 negare
468 1195 536 1239 non
562 1173 719 1257 potuerit,
746 1172 825 1255 quin
846 1193 920 1236 eum
948 1179 1135 1258 arcesseret,

170 1281 243 1324 oum
263 1259 352 1324 Dion
374 1259 442 1323 eius
464 1257 613 1322 audiendi
635 1255 807 1341 eupiditate
835 1256 993 1340 flagraret.
1044 1257 1134 1323 dedit

171 1365 247 1428 ergo
261 1343 337 1407 huie
352 1342 480 1407 veniam
492 1362 590 1426 magn
632 1363 672 1406 ue
685 1361 758 1405 eum
772 1339 946 1404 ambitione
958 1338 1133 1423 Syracusas

140 1425 327 1510 eperduxit.
364 1447 459 1509 quem
480 1424 568 1488 Dion
589 1363 668 1489 ideo
682 1423 857 1488 admiratus
878 1427 927 1488 eet
940 1427 1032 1506 atque
1054 1424 1133 1489 ada·

169 1509 269 1573 mevit
310 1512 348 1571 ut
373 1528 406 1571 se
429 1507 458 1570 ei
480 1510 585 1572 totum
605 1507 754 1572 traderet.
798 1527 902 1589 neque
924 1527 1000 1571 vero
1021 1509 1134 1574 minus

168 1593 237 1675 ipse
258 1558 353 1655 lllato
382 1589 555 1655 delectatus
581 1595 630 1654 est
650 1590 765 1655 Dione.
810 1591 918 1673 itaque
946 1610 1019 1654 oum
1041 1613 1061 1654 a
1081 1596 1134 1676 ty·

168 1695 271 1740 ranno
286 1673 457 1740 crudeliter
470 1674 608 1738 violatus
631 1677 722 1757 esset,
745 1674 863 1757 quippe
885 1693 980 1756 quem
998 1695 1132 1740 venum-

169 1759 238 1824 dari
263 1759 422 1842 iussisset,
450 1761 559 1824 tamen
586 1757 697 1822 eodem
723 1757 818 1822 rediit
845 1757 986 1822 eiusdem
1013 1757 1133 1826 Dionis
1225 1813 1226 1828 .

138 1843 316 1940 epreoibus
337 1841 500 1908 adductus.
543 1842 672 1938 interim
694 1841 896 1938 inmorbum
918 1841 1032 1940 inuidit
1052 1843 1132 1909 Dio·

168 1949 301 2076 tlffis
315 1949 414 2094 olli,
433 1925 1133 2109 iiimlilmllilii‘iiitstuiffilui
1226 2019 1227 2022 κ

168 2097 209 2160 sb
230 2096 270 2158 iis
292 2097 400 2176 petiit,
429 2115 457 2157 si
484 2094 568 2158 forte
596 2114 631 2157 ιιι
655 2113 775 2157 merore
804 2098 886 2160 esset
906 2093 1049 2177 periculo
1054 2146 1065 2192 2
1093 2102 1134 2162 ut

168 2178 229 2242 sibi
257 2176 450 2242 faterentur:
482 2197 558 2240 nam
585 2176 667 2239 velle
694 2196 727 2240 se
755 2196 828 2241 oum
855 2199 893 2242 eo
921 2179 1063 2263 colloqur
1089 2179 1132 2246 de

168 2259 336 2345 partiendo
364 2280 481 2345 regno,
513 2257 599 2343 quod
631 2260 750 2324 sororis
781 2281 857 2326 sues
886 2261 971 2328 filios
1003 2283 1042 2326 ex
1070 2264 1131 2329 illo

138 2349 263 2412 enatos
290 2348 415 2430 partem
435 2343 528 2429 regni
549 2343 684 2427 putebat
704 2343 819 2408 debere
839 2345 966 2410 habere.
1009 2345 1043 2410 id
1064 2369 1133 2414 me·

169 2431 232 2496 diei
258 2452 326 2496 non
352 2432 522 2494 tacuerunt
549 2431 581 2492 et
608 2426 648 2492 ad
669 2425 861 2512 Dionysium
887 2429 989 2494 filium
1010 2452 1132 2498 sermo-

167 2536 242 2578 nem
256 2515 459 2578 rettulerunt.
505 2533 568 2596 quo
583 2511 638 2576 ille
653 2516 840 2610 commotus!
857 2533 899 2578 ne
914 2513 1031 2598 egendi
1045 2521 1134 2581 esset

167 2597 267 2662 Dioni
293 2601 449 2679 potestas,
476 2595 563 2680 patri
584 2617 733 2678 soporem
753 2595 892 2662 medroos
914 2597 989 2662 dare
1011 2601 1132 2684 coegit.

168 2680 230 2746 hoo
252 2700 289 2744 ae
314 2701 348 2744 er
369 2683 497 2762 sumpto
518 2679 642 2762 sopitus
664 2677 749 2743 diem
770 2680 851 2744 obiit
871 2702 1065 2764 supremum.

129 2761 153 2827 3
205 2840 208 2846 ,
253 2700 330 2830 Tele
351 2762 481 2827 initium
501 2761 565 2826 fuit
592 2761 708 2828 Dionis
734 2766 767 2827 et
787 2763 936 2848 Dionysii
957 2765 1134 2833 simultatis

112 2903 113 2908 ,
168 2871 269 2934 esque
291 2847 401 2914 multis
423 2846 517 2910 rebus
532 2850 625 2943 aucta
639 2849 696 2912 est.
733 2844 788 2910 sed
802 2857 910 2912 tamen
923 2849 1037 2946 primis
1050 2855 1134 2916 tem·

167 2935 298 3016 poribus
321 2933 363 2998 ali
386 2929 516 2996 uamdiu
530 2930 680 2995 srmuleta
700 2931 786 2994 inter
807 2952 861 2996 eos
878 2933 1019 2998 smroitia
1040 2956 1134 3000 man-

167 3015 218 3079 sit.
262 3038 335 3082 oum
355 2954 443 3082 Ilion
463 3036 534 3111 non
554 3012 719 3080 desisteret
740 3015 905 3082 obsecrare
926 3015 1132 3103 Dionysium,

167 3102 204 3162 ut
224 3098 392 3164 Platonem
413 3099 552 3164 Athems
573 3102 745 3164 arcesseret
767 3100 881 3166 eteius
903 3101 1046 3166 consiliis
1061 3107 1118 3168 ute

167 3184 270 3265 retur,
299 3182 369 3266 ille,
398 3183 453 3265 qui
480 3184 517 3247 in
537 3181 645 3268 eliqua
671 3204 706 3247 re
734 3183 832 3248 vellet
874 3187 977 3250 atrem
998 3142 1133 3268 imitari

135 3275 290 3330 amorem
305 3265 334 3328 ei
348 3265 455 3349 gessit.
493 3266 667 3350 eodemque
684 3271 828 3352 tempore
870 3269 1015 3336 tilletum
1029 3269 1133 3334 histo-

166 3350 268 3414 ricum
282 3346 452 3431 Syracusas
474 3350 609 3434 reduxit,
630 3351 794 3416 hominem
816 3353 952 3419 amioum
973 3374 1042 3420 non
1063 3375 1132 3418 ma-

164 3433 216 3518 gis
237 3436 375 3516 tyranno
390 3453 487 3516 quam
500 3433 673 3516 tyrannidi.
711 3435 767 3500 sed
789 3434 826 3500 de
841 3435 903 3501 hoe
926 3437 962 3502 in
984 3459 1022 3503 eo
1043 3437 1131 3504 libro
