2456 3884
128 203 170 270 86
388 215 460 264 xxr.
498 214 545 262 ns
568 213 726 264 resersus.
750 210 774 262 1.
797 213 822 260 r.

380 455 476 530 XXI.
528 455 592 528 Dll
622 451 836 529 REGIBUS.

94 609 110 670 1
211 603 255 670 Hi
276 605 343 668 fere
364 604 498 668 morunt
519 602 659 668 Grsecse
686 604 792 688 gentis
813 604 908 668 duces
913 653 922 685 ,
945 603 1000 686 qui
1027 624 1093 667 me·

128 690 231 755 moria
258 689 349 775 digni
376 683 560 771 videditur,
579 691 718 834 praeter
737 707 843 771 reges:
870 709 1011 770 namque
1038 709 1095 752 eos

128 775 288 860 attingere
308 773 488 856 noluimus,
514 793 578 855 quo
629 772 773 836 omnium
801 792 852 835 res
873 775 982 856 gestae
1004 793 1094 854 seps

127 859 224 923 ratim
252 861 328 923 sunt
348 858 477 922 relatae.
519 877 624 939 neque
648 859 758 920 tumen
779 856 804 919 ii
825 854 994 920 admodum
1016 858 1095 920 sunt

98 957 114 1004 s
130 943 233 1007 multi.
270 940 542 1016 Lacedaemonius
564 943 671 1004 autem
685 939 855 1024 Agesilaus
870 939 1009 1021 nomine,
1024 960 1094 1003 non

128 1029 289 1110 potestate
311 1026 375 1090 fuit
388 1045 454 1109 rex,
476 1025 560 1089 sicut
580 1023 677 1088 ceteri
692 1021 852 1106 Spartani.
889 1045 928 1088 ex
949 1023 987 1088 iis
1004 1044 1090 1120 vero,

150 1112 185 1176 ui
219 1110 417 1175 dominatum
444 1109 490 1172 im
550 1109 579 1172 'o
613 1111 802 1190 tenuerunt,
835 1107 1090 1172 excellentissim

166 1199 275 1276 erunt,
303 1199 341 1259 ut
366 1215 426 1259 noe
447 1130 640 1275 alffinus,
662 1191 831 1256 Persarum
853 1193 954 1275 Cyrus
976 1195 1008 1256 et
1026 1190 1093 1255 Da

128 1279 211 1361 rius,
239 1277 392 1362 Hystaspi
414 1277 514 1342 filius:
543 1297 679 1360 quornm
706 1281 841 1360 uterque
861 1276 1004 1360 privatus
1030 1277 1095 1340 vir-

128 1367 198 1426 tute
219 1383 356 1447 regnum
378 1366 426 1426 est
441 1361 583 1444 adeptus.
627 1360 716 1444 prior
737 1359 853 1424 horum
868 1361 952 1443 apud
973 1359 1094 1424 Massa·

128 1451 219 1530 getes
240 1447 276 1510 in
297 1447 419 1529 proelio
442 1443 570 1528 cecidit,
592 1443 711 1508 Darius
728 1446 891 1508 senectute
912 1443 996 1508 diem
1011 1445 1096 1509 obiit

100 1543 115 1590 e
130 1551 323 1612 supremum.
358 1533 424 1592 tres
438 1533 514 1592 runt
534 1532 700 1611 praeterea
713 1527 854 1592 eiusdem
869 1529 992 1613 gentis:
1014 1527 1096 1592 Xer·

98 1643 104 1652 ·
129 1635 185 1678 xes
207 1617 239 1678 et
252 1612 316 1678 duo
330 1617 535 1695 Artaxerxae,
551 1611 732 1677 Macrochir
746 1614 938 1697 cognomine
955 1616 990 1676 et
1003 1610 1095 1675 Mne·

128 1719 214 1763 mon.
257 1697 362 1762 Xerxi
371 1697 508 1762 maxime
530 1701 579 1762 eet
598 1698 732 1780 illustre,
754 1697 841 1780 quod
857 1697 1005 1774 maximis
1012 1702 1094 1844 ¹post

128 1783 298 1848 hominum
312 1783 498 1848 memoriam
513 1782 703 1847 exercitibus
716 1786 803 1846 terra
816 1783 897 1845 mari
920 1781 1012 1846 uebe
1039 1803 1093 1846 um
1218 1861 1220 1866 Ι

99 1867 242 1932 eintulit
256 1867 417 1932 Graeciae.
454 1870 488 1932 at
502 1865 682 1931 Macrochir
695 1867 899 1950 praecipuam
937 1866 1012 1930 abet
1026 1866 1096 1930 lau·
1218 1875 1220 1888 ‘

129 1951 202 2015 dem
224 1951 439 2034 amplissimae
466 1950 761 2034 pulcherrimaeque
789 1950 932 2034 corporis
958 1949 1095 2032 iormee,

128 2057 226 2180 pacm
248 2035 427 2099 incredibili
449 2035 577 2099 ornavit
604 2035 721 2098 virtute
749 2034 841 2098 belli:
869 2055 1006 2117 namque
1034 2033 1095 2098 illo

157 2139 243 2180 ersea
274 2139 369 2180 nemo
403 2137 501 2180 manu
534 2117 597 2180 fuit
622 2117 748 2182 fortior.
797 2117 949 2184 Mnemon
980 2121 1093 2182 autem

127 2199 270 2264 iustitiae
290 2199 378 2263 tama
395 2199 512 2264 floruit.
556 2221 632 2264 nam
653 2221 727 2265 eum
744 2203 856 2266 metris
877 2223 948 2267 suae
968 2201 1104 2266 scelere·

128 2283 287 2348 amisisset
313 2305 459 2368 uxorem,
485 2286 612 2349 tentum
645 2285 779 2349 indulsit
804 2285 924 2368 dolori,
954 2290 992 2350 ut
1017 2307 1098 2351 eum

96 2381 115 2430 o
129 2369 232 2453 pietas
258 2368 410 2434 vinceret.
454 2389 492 2432 ex
519 2369 570 2434 bis
597 2370 661 2434 duo
683 2369 795 2434 eodem
814 2371 955 2454 ¹¹nomine
979 2370 1097 2436 morbo

127 2458 262 2518 neumae
289 2452 433 2519 debiturn
457 2453 678 2520 reddiderunt:
712 2453 828 2518 tertius
857 2455 899 2519 ab
925 2455 1097 2521 Artabano

129 2535 292 2620 praefecto
313 2536 399 2602 ferro
421 2539 633 2622 interemptus
655 2542 712 2602 est.

93 2619 113 2682 2
196 2617 264 2684 'Ex
291 2618 503 2685 Macedonum
529 2625 636 2686 eutem
665 2625 762 2706 gente
790 2623 853 2688 duo
880 2623 984 2688 multo
1013 2628 1098 2687 cete

128 2725 182 2768 ros
204 2707 444 2768 antecesserunt
463 2725 570 2768 rerum
591 2709 754 2790 gestarum
771 2707 889 2792 gloria:
911 2707 1098 2792 Philippus,

128 2791 290 2873 Amyntae
312 2787 397 2852 filius
429 2790 462 2851 et
483 2787 664 2876 Alexander
685 2790 833 2876 Magnus
876 2791 994 2856 horum
1014 2791 1100 2855 alter

128 2871 296 2957 Babylone
324 2837 436 2938 morlso
466 2878 673 2956 consumptus
695 2880 757 2959 est,
787 2873 958 2974 Philippus
980 2876 1099 2960 Aegiis

129 2977 149 3019 a
170 2956 345 3040 Pausania,
373 2977 446 3022 cum
467 2960 645 3041 spectatum
669 2958 761 3024 ludos
789 2960 865 3040 iret,
894 2963 984 3025 iuxta
1005 2959 1100 3024 thee»

99 3042 216 3102 etrum
239 3043 361 3106 occisus
383 3044 439 3106 est.
482 3061 565 3104 unus
586 3041 745 3126 Epirotes,
767 3043 920 3128 Pyrrhus,
941 3045 999 3126 qui
1021 3065 1099 3108 curn

128 3121 250 3206 populo
283 3124 430 3190 Romano
462 3124 603 3189 bellavit.
653 3127 680 3191 is
708 3147 781 3191 cum
801 3130 910 3212 Argos
938 3126 1099 3211 oppidum

130 3213 333 3290 oppugnaret
366 3211 401 3272 in
432 3208 511 3273 Pelo
536 3230 672 3293 onneso,
705 3211 811 3308 lepide
844 3212 927 3276 ictus
959 3212 1096 3276 interiit

129 3311 212 3354 unus
234 3289 313 3353 item
334 3289 474 3371 Siculus,
534 3293 676 3376 ionysius
696 3316 795 3376 prror.
839 3317 916 3360 nam
940 3299 974 3359 et
995 3317 1098 3360 manu
1217 3312 1218 3328 ¹

129 3372 223 3436 fortis
251 3375 284 3435 et
310 3371 386 3436 belli
407 3374 528 3452 peritus
555 3375 620 3440 fuit
640 3381 687 3457 et,
714 3377 748 3440 id
774 3378 862 3460 quod
890 3379 925 3441 in
952 3382 1097 3460 tyranno

129 3473 197 3516 non
218 3454 312 3518 facile
333 3454 509 3534 reperitur,
532 3457 663 3522 minime
685 3458 890 3543 libidinosus,
912 3481 981 3526 non
1003 3460 1100 3528 luxu·
