2456 3884
415 263 439 309 1.
469 263 663 312 1111111111
686 260 756 310 11.
1034 249 1057 316 5
1190 227 1199 298 'l

87 398 256 462 miserunt
287 397 361 461 inde
375 396 417 460 ad
431 398 573 461 Atticam
588 402 788 463 accesserunt
801 419 838 463 ac
860 420 932 463 suas
948 399 1055 483 copias
1185 461 1191 474 ,

87 484 123 546 in
146 502 297 564 campum
311 480 505 545 Marathona
518 480 725 546 deduxerunt
763 484 791 546 is
813 486 862 547 est
881 484 921 547 ab
937 483 1055 567 oppido

88 566 217 631 circiter
238 565 329 628 milia
356 586 508 648 passuum
534 564 653 630 decem.
702 565 765 631 hoo
792 567 933 631 tumultu
954 567 1084 632 Athe-3
1206 579 1210 660 ¹,

86 650 218 714 nienses
239 652 307 712 tam
323 649 508 733 propinquo
522 652 652 732 tamque
673 670 792 748 magno
806 651 945 734 permoti
967 653 1054 715 auxi-

83 735 169 796 lium
190 754 353 816 nusquam
373 734 437 797 nisi
458 755 478 797 a
498 731 758 802 Lacedaemonirs
779 736 963 819 petiverunt
980 735 1054 799 Phi·

88 817 288 901 dippumque
304 837 465 893 cursorem
480 817 548 880 eius
562 819 698 902 generis,
721 819 776 902 qui
791 819 1054 884 hemerodromoe

88 905 265 984 voeanur,
300 900 571 974 Lacedaemonem
604 902 774 986 miserunt,
811 907 849 968 ut
878 905 1053 984 nuntiaret,

112 1008 188 1050 uam
216 986 312 1050 celeri
334 1006 415 1068 opus
437 989 520 1050 esset
541 986 670 1054 auxilio.
707 986 794 1051 domi
816 991 923 1052 autem
944 993 1085 1052 creante

89 1009 201 1134 decem
219 1072 391 1153 praetores,
414 1070 471 1152 qui
485 1070 637 1134 exercitui
651 1075 850 1155 praeessent,
872 1073 908 1135 in
923 1072 968 1135 eis
982 1071 1055 1135 Mil-
1092 1095 1103 1110 ²

88 1155 220 1218 tiadem.
249 1153 334 1216 inter
348 1173 430 1236 quos
443 1174 561 1238 magna
574 1154 638 1218 fuit
651 1156 816 1220 contentio
846 1159 955 1219 utrum
969 1176 1054 1220 moe·

88 1239 189 1302 nibus
211 1258 243 1300 se
264 1235 481 1320 defenderent,
503 1259 544 1302 an
560 1238 688 1302 obviam
709 1239 795 1303 irent
814 1205 960 1304 hostibus
975 1241 1054 1304 acie-

90 1342 158 1405 que
180 1321 392 1385 decernerent.
437 1342 520 1385 unus
541 1320 701 1385 Miltiades
720 1322 858 1386 maxime
878 1323 1083 1405 nitebatur,o

88 1408 128 1468 ut
144 1405 250 1488 primo
265 1426 393 1489 quoque
407 1408 552 1488 tempore
567 1408 670 1470 castra
683 1405 811 1471 fierent:
832 1406 866 1470 id
884 1407 912 1470 si
933 1406 1055 1474 factam

90 1493 189 1572 esset,
217 1492 250 1553 et
270 1489 392 1553 civibus
414 1491 557 1553 animum
579 1509 791 1574 accessurum,
814 1511 887 1555 oum
909 1491 1056 1556 viderent

90 1573 131 1637 de
163 1594 275 1638 eorum
302 1573 421 1638 virtute
446 1595 516 1638 non
546 1573 720 1656 desperari,
749 1579 783 1639 et
808 1575 917 1640 hostes
944 1575 1054 1640 eadem
1159 1590 1163 1596 ·

89 1678 123 1721 11
146 1658 218 1722 fore
239 1656 404 1740 tardiores,
427 1658 455 1720 si
468 1656 759 1724 animadverterent
771 1658 881 1723 auderi
903 1658 1054 1724 adversus

1 1734 3 1809 i
90 1762 123 1805 se
146 1745 214 1806 tam
237 1741 360 1826 exiguis
382 1741 483 1824 copiis
505 1740 657 1806 dimicari.

3 1890 4 1907 ,
175 1825 247 1889 Hoc
279 1826 315 1889 in
351 1829 495 1908 tempore
525 1826 617 1889 nulla
656 1825 767 1890 ciuitas
800 1827 1090 1892 Atheniensibus5

90 1909 211 1974 auxilio
233 1908 297 1991 fuit
317 1913 444 1992 praeter
458 1909 670 1973 Plataeense's.
703 1929 741 1973 ea
761 1910 850 1974 mille
864 1911 952 1976 misit
971 1911 1052 1975 mili-

88 1998 170 2058 tum.
221 1993 330 2077 itaque
356 1993 472 2057 horum
500 1993 638 2057 adventu
667 1993 775 2057 decem
801 1994 891 2060 milia
916 1998 1052 2059 armato·

88 2099 163 2142 rum
189 2078 351 2175 completa
376 2081 466 2172 sunt,
494 2097 575 2160 quae
600 2097 714 2142 manus
736 2077 876 2142 mirabili
897 2078 1054 2164 flagrabat

89 2159 1082 2330 11111111111111111

88 2330 229 2478 latit?
226 2328 339 2477 11ῗὲ
339 2329 611 2477 {serretur
619 2329 909 2496 uertat
917 2331 1081 2478 thu.

88 2497 251 2563 radicibus
265 2493 332 2562 acie
346 2496 478 2581 regione
489 2496 646 2560 instructa
665 2517 733 2560 non
752 2496 952 2579 apertissime
962 2518 1053 2581 proe-

88 2582 166 2646 lium
190 2582 420 2646 commiserunt
433 2581 586 2665 (namque
603 2580 732 2646 arbores
746 2580 856 2645 multis
866 2581 946 2646 locis
962 2586 1054 2646 erant

87 2667 211 2750 rarae),
227 2665 290 2730 hoo
311 2665 456 2748 oonsilio,
483 2667 520 2728 ut
541 2668 575 2728 et
594 2665 753 2729 montium
775 2664 945 2730 eltitudine
966 2669 1053 2750 tege-

86 2754 204 2815 rentur
224 2753 258 2814 et
278 2750 428 2814 arborum
449 2751 553 2812 tractu
575 2749 736 2832 equitatus
757 2748 900 2814 hostium
920 2750 1052 2833 impedi-

86 2839 175 2898 retur
180 2884 192 2918 ,
215 2854 258 2898 ne
278 2832 484 2898 multitudine
505 2830 737 2897 clauderentur.
773 2831 881 2916 Datis,
903 2833 1083 2896 1111111114

85 2939 230 3017 aequum
261 2917 368 2982 locum
393 2916 523 3014 videbat
543 2916 624 3001 suis,
653 2921 760 3013 tamen
787 2916 889 2980 fretur
917 2936 1051 3014 numero
1146 3000 1148 3009 Ι

86 3000 1052 3179 1111111111111111

85 3107 240 3236 dimicare
273 3170 352 3234 utile
380 3169 602 3233 arbitrabatur.
651 3168 759 3250 itaque
786 3189 821 3231 111
843 3168 943 3233 aciem
964 3168 1051 3251 pedi-

84 3259 149 3320 tum
180 3258 331 3338 eentum,
359 3253 503 3350 equitum
530 3251 638 3316 decem
664 3251 754 3315 milia
781 3251 935 3335 produxit
960 3274 1051 3336 proe-

85 3338 230 3424 liumque
253 3338 421 3404 commisrt.
461 3338 497 3406 in
518 3358 582 3420 quo
604 3338 695 3400 tanto
717 3336 790 3420 plus
804 3336 923 3401 virtute
944 3336 1082 3401 velue-t

66 3484 68 3486 ,
85 3429 156 3489 runt
169 3423 403 3504 Athenienses,
426 3424 464 3485 ut
477 3420 703 3503 decemplicem
718 3441 887 3485 numerum
908 3420 1051 3486 hostium

84 3508 308 3596 profligarint,
339 3505 482 3589 adeoque
509 3526 564 3570 eos
590 3507 844 3589 pertermerunt,
872 3506 910 3569 ut
935 3503 1051 3568 Persae

1036 3847 1084 3857 ..,-.-
