2456 3884
440 277 465 326 1.
498 270 698 330 mmmmm.
721 245 796 326 1'-a.
1074 267 1096 332 3

126 419 240 481 dentes
269 413 508 498 responderunt
534 417 604 478 tum
632 413 666 477 id
692 433 726 478 se
752 412 910 498 facturos,
942 436 1015 480 cum
1041 415 1096 480 ille

127 503 224 580 domo
253 500 392 564 navibus
422 498 628 581 proficiscens
656 501 753 562 vento
779 499 930 582 aquilone
957 501 1097 564 venisset

127 585 298 650 Lemnum.
336 584 390 646 hic
410 581 496 645 enim
511 585 625 646 ventus
640 584 680 647 ab
696 584 967 666 septentrionibus
990 583 1096 648 oriens

126 668 299 734 adversum
319 669 411 732 tenet
436 666 574 730 Athenis
600 666 883 814 proficiscentibus.
933 666 1126 732 Miltiadesc

1 757 2 766 ’
127 752 278 818 morandi
306 755 434 835 tempus
460 771 528 815 non
560 752 603 814 ha
625 771 682 814 ens
714 771 840 816 cursum
873 751 1003 836 direxit,
1032 773 1096 836 quo

1 851 2 862 ³
127 837 298 919 tendebat,
320 835 531 919 pervenitque
547 833 790 902 Chersonesum.

214 920 522 1002 Ibibrevitempore
533 920 741 984 barbarorum
752 920 853 1002 copiis
865 920 1005 986 disiectis
1025 921 1134 985 tota2

1 1041 2 1056 ι
129 1005 273 1089 regione,
287 1024 393 1101 'quam
407 1003 552 1150 petierat,
574 1005 705 1087 potitus,
733 1003 804 1068 locu
818 1005 956 1070 castellis
980 971 1097 1070 idonea

129 1089 338 1172 commumit,
359 1087 616 1172 mutitudinem,
643 1109 740 1176 quam
760 1108 868 1154 secum
890 1088 1039 1172 duxerat,
1061 1089 1096 1152 in

130 1173 218 1258 agris
240 1172 412 1238 collocavit
426 1172 607 1255 crebrisque
623 1172 863 1238 excursionibus
877 1172 951 1237 locu
974 1173 1095 1237 letavit.

129 1278 238 1340 neque
271 1258 377 1320 minus
408 1256 444 1319 in
476 1277 514 1320 ea
542 1277 577 1320 re
609 1255 779 1340 prudentia
812 1277 909 1353 quem
942 1195 1126 1320 illicitator

131 1341 263 1406 adiutus
294 1344 350 1404 cst.
398 1361 474 1404 nam
506 1361 579 1420 cum
607 1341 727 1404 virtute
758 1340 898 1405 mihtum
930 1339 1098 1404 devicisset

130 1425 275 1490 hostium
303 1424 474 1507 exercitus,
506 1445 630 1488 summu
661 1423 822 1507 aequitate
851 1445 902 1488 res
930 1423 1097 1488 constituit

1 1545 20 1557 κ-
130 1512 229 1592 atque
250 1509 319 1591 ipse
341 1507 460 1572 ibidem
481 1529 610 1573 manere
632 1507 781 1574 decrevit.
821 1508 997 1572 eratenim
1012 1509 1126 1572 intero

133 1613 189 1658 eos
211 1593 368 1676 dignitate
390 1593 488 1676 regia,
512 1592 658 1675 quamvis
680 1593 809 1656 carebat
828 1592 970 1676 nomine,
991 1613 1096 1675 neque

132 1677 166 1740 id
187 1677 291 1761 magis
313 1677 449 1760 imperio
472 1697 569 1758 quem
590 1676 712 1744 iustitia
732 1680 931 1742 consecutus.
993 1697 1097 1760 neque

132 1783 172 1826 eo
210 1759 314 1824 secius
340 1759 608 1842 Atheniensibus,
639 1782 659 1824 a
686 1760 801 1844 quibus
834 1764 904 1825 erat
923 1760 1097 1844 profectus,

133 1845 242 1909 officia
255 1846 449 1928 praestabat.
486 1845 602 1929 quibus
623 1845 718 1909 rebus
732 1845 830 1908 fiebat
851 1847 889 1908 ut
908 1864 977 1907 non
990 1843 1097 1906 minus
1153 1897 1157 1905 .

131 1950 246 1994 eorum
272 1929 439 1994 voluntate
468 1931 623 2012 perpetuo
645 1928 816 2010 imperium
838 1927 1012 2010 obtineret,
1041 1927 1097 2009 qui

131 2014 300 2094 miserant,
321 2033 417 2096 quem
439 2012 579 2095 illorum,
600 2031 674 2075 cum
697 2011 815 2094 quibus
835 2014 903 2075 erat
923 2010 1096 2094 profectus.

132 2096 335 2162 Chersoneso
357 2096 415 2161 tuli
436 2098 532 2161 modo
554 2095 729 2160 constituta
749 2094 910 2176 Lemnum¹
925 2095 1127 2159 revertitur4

132 2184 167 2245 et
188 2183 337 2263 expecto
352 2180 494 2264 postulat
514 2183 552 2244 ut
565 2179 627 2244 sibi
640 2180 752 2243 urbem
766 2179 903 2244 hadent.
940 2179 989 2244 illi
1011 2178 1097 2243 enim

132 2264 295 2348 dixerant,
324 2284 398 2328 cum
419 2266 517 2329 vento
538 2265 636 2328 borea
657 2261 753 2327 domo
781 2263 945 2346 profectus
966 2283 1005 2327 eo
1027 2284 1097 2346 per-

133 2349 284 2430 venisset,
306 2368 374 2412 sese
389 2347 561 2430 dedituros,
583 2368 617 2412 se
639 2350 746 2410 autem
761 2348 891 2412 domum
906 2345 1097 2412 Chersonesi

132 2433 261 2497 hebere.
307 2430 418 2514 Cares,
446 2431 503 2514 qui
529 2433 599 2495 tum
625 2429 784 2494 Lemnum
809 2429 1008 2512 incolebant,
1036 2431 1126 2492 etsie

132 2519 261 2600 praeter
288 2516 475 2598 opinionem
501 2535 552 2579 res
579 2513 749 2596 ceciderat,
778 2517 887 2576 tamen
912 2534 980 2578 non
1001 2512 1097 2593 dioto,

132 2600 190 2664 sed
223 2598 364 2665 secunda
394 2599 527 2665 fortune
559 2597 812 2662 adversariorum
838 2596 924 2680 capti
951 2597 1097 2662 resistcre

132 2685 205 2748 ensi
225 2704 294 2748 non
320 2688 398 2748 sunt
424 2687 522 2766 atque
550 2703 588 2745 ex
615 2680 721 2759 insula
747 2680 975 2766 demigrarunt.
1027 2682 1098 2764 pari

131 2768 289 2832 felicitate
312 2771 433 2832 ceteras
454 2766 585 2849 insulas,
607 2786 689 2848 quac
705 2763 857 2847 Cyclades
878 2765 1098 2846 nominantur,

131 2853 194 2918 sub
215 2851 464 2916 Atheniensium
485 2849 610 2935 redegit
629 2852 831 2932 potestatem.

219 2934 350 3000 Eisdem
381 2935 579 3018 temporibus
610 2933 781 2998 Persarum
815 2953 871 2997 rex
902 2931 1020 2996 Darius
1058 2931 1135 2996 ex3

4 3061 18 3118 ἰ,
130 3020 214 3084 Asia
240 3020 276 3084 in
303 3018 469 3116 Europam
495 3017 637 3083 exercitu
663 3017 797 3113 traiecto
823 3014 959 3113 Scythis·
977 3015 1099 3081 bellum

4 3149 5 3180 ,
129 3103 255 3169 inferre
277 3103 426 3168 decrerit.
462 3104 595 3185 pontem
616 3100 694 3165 fec1t
716 3121 751 3164 m
772 3093 855 3165 Istro
870 3099 1011 3184 flumme,
1034 3122 1098 3185 quo

129 3188 243 3268 copias
270 3187 459 3252 traduceret.
514 3186 582 3250 eius
609 3184 735 3268 pontis,
763 3184 839 3248 dum
866 3184 935 3268 ipse
964 3186 1097 3268 abesset,

5 3295 7 3334 =
129 3271 282 3369 custodes
302 3271 435 3354 reliquit
454 3270 629 3367 principes,
655 3289 738 3415 Ἦμος
757 3289 864 3333 secum
893 3290 932 3333 ex
949 3267 1045 3366 ionia
1067 3275 1099 3334 et

127 3355 269 3421 Acohde
280 3356 431 3420 duxemt:
447 3355 562 3437 qu1bus
577 3372 673 3438 smgu
686 3373 714 3417 rs
728 3374 871 3436 rpsorum
885 3353 1014 3416 urbrum
1028 3373 1098 3436 per-

5 3465 7 3506 t
153 3444 232 3505 etue
246 3439 379 3504 dederat
399 3438 542 3522 imperis.
580 3438 627 3502 sio
648 3437 735 3502 enim
748 3437 900 3502 facillime
915 3437 1042 3520 putavit
1063 3450 1128 3502 sea

50 3583 54 3590 .
128 3463 393 3609 drososlingua
413 3523 591 3607 loquentes,
614 3522 669 3606 qui
691 3523 802 3586 Asiam
824 3521 1016 3604 incolerent,
1039 3522 1098 3585 sub

863 3623 895 3672 lt
