2456 3884
405 257 465 304 xx.
503 257 694 306 rruonnou.
717 255 741 303 1.
761 254 787 304 a.
1037 245 1079 312 83

109 395 219 478 posset
233 411 313 475 esse,
336 394 462 456 tantum
477 389 559 456 aluit
576 391 761 457 asocietate
777 393 914 475 sceleris,
936 398 973 459 ut
992 400 1080 460 ante·

47 521 52 528 ·
109 477 223 542 tulerit
237 476 359 540 civium
380 495 511 540 suorum
525 475 707 540 libertatem
727 477 837 542 fratris
859 477 956 541 saluti
971 483 1004 543 et
1024 501 1079 563 pa·

109 583 182 626 rere
210 560 336 645 legibus
365 580 461 643 quam
482 559 640 644 imperare
667 561 789 643 patriae
817 561 916 626 setius
943 561 1078 629 duxerit.
1153 573 1159 584 ·

111 647 172 710 hac
200 647 308 709 mento
335 663 394 727 per
419 642 621 727 haruspicem
649 664 915 729 communemque
936 645 1109 731 affinem,4

110 730 164 794 cui
186 750 279 794 soror
300 748 340 792 ex
361 726 480 792 eisdem
501 728 688 811 parentibus
709 731 786 792 nata
799 732 903 812 nupta
917 734 994 812 erat,
1016 731 1079 796 fra·

110 818 195 878 trem
227 817 403 896 tyrannum
434 811 695 876 interficiundum
727 813 859 878 curavit.
912 814 981 897 ipse
1011 837 1079 880 non

111 897 210 963 modo
238 917 352 962 manus
378 916 447 960 non
474 896 583 960 attulit
625 896 681 962 sed
706 918 747 962 ne
778 899 919 981 aspicere
949 898 1079 982 quidem

111 983 292 1046 fraternum
318 981 509 1066 sanguinem
539 945 651 1045 voluit.
702 1001 778 1046 nam
810 983 886 1048 dum
918 1003 970 1046 res
1004 1004 1079 1048 con·

113 1067 275 1147 ficeretur,
303 1065 416 1148 procul
445 1065 481 1130 in
506 1063 664 1148 praesidio
689 1065 767 1148 fuit,
794 1087 835 1132 ne
858 1067 930 1151 quis
951 1067 1078 1132 satelles

112 1155 224 1234 posset
244 1169 437 1213 succurrere.
481 1148 545 1213 hoc
566 1148 852 1234 praeclarissimum
874 1152 941 1216 eius
956 1149 1108 1215 facturno

113 1255 183 1298 non
203 1234 272 1318 pari
293 1232 390 1298 modo
412 1233 583 1316 probatum
606 1236 656 1297 em
675 1233 715 1298 ab
738 1235 900 1298 omnibus:
929 1235 1080 1299 nonnulli

115 1318 203 1382 enim
217 1317 334 1382 laesam
356 1317 397 1380 ab
420 1337 457 1380 eo
472 1317 625 1400 pietatem
646 1318 804 1400 putabant
826 1321 858 1384 et
876 1317 998 1382 invidia
1013 1319 1079 1382 lau·

115 1401 186 1466 dem
210 1402 338 1465 virtutis
353 1399 551 1466 obterebant.
588 1405 691 1466 mater
711 1421 788 1466 vero
802 1405 877 1487 post
896 1401 931 1467 id
958 1402 1079 1466 factum

113 1507 219 1569 neque
248 1485 379 1550 domum
406 1484 446 1549 ad
473 1506 507 1550 se
533 1485 635 1550 filium
662 1485 791 1551 admisit
816 1508 921 1571 neque
946 1485 1078 1570 aspexit,

114 1571 194 1653 quin
216 1590 290 1634 eum
311 1568 508 1634 fratricidam
536 1570 732 1716 imgiumque
760 1570 920 1636 detestans
942 1571 1080 1654 compel-

1 1697 2 1722 1
113 1654 204 1718 laret.
241 1653 357 1736 quibus
378 1654 473 1718 rebus
494 1653 582 1716 illea
604 1674 642 1718 eo
664 1658 712 1718 est
733 1660 921 1737 commotus,
943 1659 980 1719 ut
997 1668 1108 1718 non-a
1226 1657 1227 1668 ¹

113 1758 292 1821 numquam
319 1737 409 1816 vitas
431 1737 529 1800 finem
550 1736 655 1801 facere
677 1738 816 1803 voluerit
841 1745 937 1822 atque
965 1758 1017 1801 ex.
1031 1738 1079 1802 in·

1 1833 2 1859 ¹
114 1825 284 1906 gratorum
305 1821 473 1885 hominum
501 1823 674 1902 conspectu
695 1825 798 1885 morte
820 1821 980 1886 decedere.

1 1978 2 1991 ,
197 1904 332 1970 Interim
364 1902 472 1969 Dione
506 1903 670 1986 Syracusis
701 1905 872 1970 interfecto
904 1904 1116 1990 Dionysius2

114 2011 224 2054 rursus
251 1987 481 2137 Syracusarum
512 1988 634 2084 potitus
667 1992 724 2053 est.
783 1990 874 2054 cuius
906 1987 1081 2086 adversarii

115 2094 213 2156 opem
233 2094 253 2135 a
300 2071 449 2138 onnthns
464 2075 627 2155 petrerunt
648 2071 832 2157 ducemque,
855 2093 919 2171 quo
941 2095 976 2136 m
994 2069 1079 2140 benc

1 2202 2 2249 y
114 2159 291 2239 uterentur,
311 2156 525 2239 postularunt.
569 2155 631 2220 huc
652 2154 821 2222 Timoleon
842 2178 957 2222 missus
978 2157 1079 2223 incre·

1 2254 2 2310 1
114 2239 206 2304 dibili
227 2239 380 2304 felicitate
394 2238 587 2324 Dionysium
608 2244 677 2306 tota
699 2239 808 2308 Sicilia
830 2241 961 2326 depulit.
1005 2254 1109 2308 cumr

113 2325 292 2388 interficere
313 2327 430 2408 posset,
453 2323 566 2406 noluit,
584 2327 723 2408 ¹tutoque
745 2330 782 2389 ut
796 2324 988 2390 Corinthum
1007 2346 1079 2408 per·
1123 2403 1127 2410 Ι

115 2409 240 2474 veniret
261 2408 374 2491 effecit,
397 2407 484 2491 quod
511 2412 720 2490 utrorumque
746 2407 978 2491 Dionysiorum
1011 2409 1079 2490 opi·

115 2493 174 2556 bus
197 2491 362 2576 Corinthii·
373 2513 467 2575 saepe
482 2491 583 2556 adiuti
597 2491 735 2576 lircrnnt,
757 2491 847 2555 cuius
869 2491 1079 2576 benignitatis

114 2577 301 2640 memoriam
323 2575 452 2641 volebat
467 2579 599 2659 exstare,
622 2595 755 2658 eamque
769 2575 965 2658 praeclaram
980 2575 1079 2640 ricto·

114 2659 195 2724 riam
210 2659 356 2742 ducebat,
378 2659 414 2722 in
436 2680 499 2742 qua
512 2659 585 2742 plus
600 2662 683 2724 esset
697 2659 884 2725 clementiae
899 2680 995 2743 quam
1010 2681 1079 2724 cru·

115 2742 267 2825 delitatis,
288 2747 451 2827 postremo
466 2746 503 2807 ut
524 2763 592 2808 non
606 2743 711 2807 solum
731 2745 861 2809 auribus
872 2744 1079 2827 acciperetur,

113 2826 170 2890 sed
185 2827 283 2890 etiarn
298 2827 399 2890 oculis
414 2831 606 2910 cerneretur,
628 2848 724 2910 quem
738 2833 771 2892 et
785 2849 825 2892 ex
839 2830 961 2909 quanto
976 2846 1077 2910 regno

113 2910 154 2973 ad
176 2932 273 2992 quam
293 2910 458 2974 fortunam
481 2909 654 2975 detulisset.
698 2915 773 2993 post
797 2909 947 2992 Dionysii
974 2909 1109 2974 decas-a

112 3015 184 3057 sum
206 3014 280 3058 oum
301 2992 417 3058 Hiceta
443 2993 589 3076 bellavit,
617 2994 673 3077 qui
700 2993 884 3058 adversatos
912 2997 980 3057 erat
1000 2992 1078 3059 Dio·

112 3077 223 3160 nysio:
256 3098 352 3161 quem
382 3098 450 3142 non
478 3077 551 3142 odio
583 3077 763 3161 tyrannidis
789 3077 989 3160 dissensisse,
1023 3078 1078 3142 sed

0 3167 1 3172 ’
112 3160 288 3244 cupiditate
309 3160 429 3226 indicio
451 3161 529 3244 fuit,
557 3162 645 3258 quod
670 3162 739 3244 ipse
764 3161 895 3244 expulso
917 3160 1077 3244 Dionysio

112 3245 283 3328 imperium
306 3245 466 3310 dimittere
487 3245 602 3310 nolant.
651 3244 714 3309 hoc
736 3249 885 3328 superato
907 3243 1108 3311 Timoleonc

111 3329 267 3393 marrimas
300 3329 408 3412 copias
439 3327 759 3414 Karthaginiensium
789 3328 874 3413 apud
902 3327 1078 3395 Crinissum

111 3411 233 3476 flumen
260 3413 296 3477 fu
363 3413 388 3477 't
418 3433 455 3477 ac
488 3413 564 3477 satis
596 3412 714 3477 habere
750 3415 873 3499 coegit,
907 3413 935 3478 si
967 3412 1079 3476 liceret

110 3495 258 3562 Africam
283 3432 445 3580 cilicas,
467 3498 523 3580 qui
544 3497 608 3562 iam
630 3497 810 3581 complures
831 3517 933 3562 annos
954 3515 1078 3578 posses·

166 3595 176 3626 2
837 3599 872 3648 6,
