2456 3884
170 243 230 310 102
459 257 543 306 xxv.
586 255 744 306 armeus.
766 251 792 302 r.
813 249 839 302 o.

167 389 313 484 nativum
335 392 495 477 quendam
512 361 755 476 leporem'esse,
776 411 845 454 non
866 392 1011 456 ascitum.
1049 392 1146 456 idem

167 481 317 563 poemata
343 477 580 574 pronuntiabat·
599 480 632 540 et
658 474 779 540 Graece
808 478 842 538 et
867 474 982 539 Latine
1003 477 1071 558 sic,
1102 480 1146 540 ut

138 575 267 712 agrppff
287 561 370 626 nihrl
385 564 495 646 posset
508 559 590 624 addr.
628 560 745 642 quibus
766 559 861 623 rebus
883 559 1005 622 factum
1028 564 1079 624 est
1102 566 1146 624 nt

167 752 241 795 um
262 667 438 794 stalle?
460 665 534 812 lt
548 643 850 810 diffidit?
866 647 1144 810 hildibuilij

167 835 225 880 oro
247 817 291 878 te’
320 814 427 897 inquit
453 811 652 900 Pomponius
680 811 861 876 ‘adversum
889 831 944 874 eos
971 832 1024 874 me
1051 811 1143 876 velle

168 898 293 980 ducere,
315 919 389 962 oum
410 897 526 980 quibus
553 916 595 960 ne
616 898 730 959 contra
750 899 783 958 te
805 915 894 958 arma
914 894 1047 978 ferrem,
1069 895 1141 960 Ira

166 983 244 1046 liam
265 981 402 1064 reliqui?
442 984 477 1044 at
491 979 581 1045 Sulla
594 979 806 1044 adulescentis
827 978 936 1043 officio
950 979 1138 1045 collaudabo

168 1065 276 1130 omnic
309 1085 443 1128 munera
476 1065 523 1147 ei,
556 1085 638 1147 quae
676 1063 814 1126 Athenis
847 1067 1024 1147 acceperat,
1055 1083 1139 1146 pro·

167 1151 313 1215 ficiscens
334 1150 427 1213 iussit
448 1147 574 1212 deferri.
600 1186 602 1192 ¹

137 1246 154 1295 e
253 1234 315 1297 Hic
337 1233 516 1316 complures
531 1253 634 1296 annos
655 1234 808 1314 moratus,
831 1252 905 1296 cum
926 1235 958 1296 et
978 1231 1025 1294 rei
1038 1231 1138 1296 fami-

167 1318 239 1382 liari
260 1321 388 1381 tantum
415 1337 530 1400 operae
553 1317 656 1399 daret,
684 1319 844 1398 quantum·
869 1337 937 1380 non
957 1315 1138 1401 indiligens

167 1400 297 1469 deberet
316 1405 409 1484 pater
429 1401 578 1483 familias,
600 1403 633 1463 et
646 1400 756 1463 omnia
770 1400 895 1482 reliqua
907 1403 1056 1488 tempora
1075 1405 1140 1466 aut

167 1485 282 1549 litteris
297 1489 354 1548 aut
367 1485 615 1549 Atheniensium
629 1484 676 1547 rei
690 1484 839 1566 publicae
851 1483 1015 1568 tribueret,
1027 1485 1137 1550 nihilo

137 1569 273 1632 eminus
295 1569 406 1632 amicis
433 1571 556 1632 urbana
583 1569 690 1632 officia
716 1569 884 1652 praestitit
927 1589 1005 1632 nam
1032 1572 1065 1632 et
1095 1569 1140 1632 ad

166 1652 296 1716 comitia
318 1672 429 1716 eorum
451 1652 622 1716 ventitavit
646 1655 693 1734 et,
724 1653 751 1716 si
774 1672 838 1735 qua
857 1671 908 1715 rea
935 1653 1040 1716 maior
1060 1657 1140 1717 aeta

167 1740 225 1818 est,
247 1757 315 1801 non
330 1734 441 1800 defuit
477 1736 560 1800 sieut
574 1735 723 1800 Ciceroni
744 1736 779 1799 in
801 1736 952 1800 omnibus
965 1736 1035 1800 eius
1048 1739 1138 1832 peri-

166 1820 247 1884 culis
262 1820 458 1905 singularem
472 1821 567 1884 fidem
578 1819 742 1902 praebuit:
757 1820 809 1882 cui
824 1840 862 1882 ex
875 1819 982 1902 patria
991 1819 1138 1904 fcgrenti

28 1969 36 1986 ,
167 1905 347 1968 sestertium
374 1902 512 1968 ducenta
544 1907 578 1967 et
602 1903 838 1986 quinquaginta
864 1902 955 1966 milia
987 1903 1138 1969 donarit

136 1987 384 2070 otranquilletis
411 1991 519 2052 autem
545 1988 640 2051 rebus
665 1985 820 2050 Romanis
853 1987 1040 2072 remigravit
1066 1987 1138 2052 Ro-

165 2091 266 2154 mam,
294 2074 332 2136 ut
359 2091 379 2134 o
402 2071 475 2135 inor
499 2070 535 2134 L.
558 2070 663 2135 Cotta·
675 2069 711 2134 L.
734 2069 900 2153 Torquato
927 2071 1135 2136 consulibus:

165 2173 261 2235 quem
283 2152 331 2217 dis
389 2158 497 2217 entem
518 2155 563 2218 sic
585 2153 735 2220 universa
753 2153 867 2218 civitas
881 2153 1134 2219 Atheniensium

163 2239 335 2382 prpisecutp
362 2239 423 2317 est,
451 2238 489 2300 ut
514 2237 654 2300 lacrimis
681 2237 829 2302 desiderii
856 2237 954 2303 futuri
980 2237 1133 2303 dolorem

164 2340 199 2383 m
234 2339 330 2382 care.

128 2401 151 2468 5
248 2401 397 2468 Habebat
417 2405 611 2470 eumculum
634 2403 670 2479 Q.
695 2405 879 2490 Caecilium,
904 2407 1044 2490 equitem
1065 2406 1135 2472 Ro·

164 2509 311 2571 manum,
332 2487 523 2554 familiarem
545 2488 580 2553 L.
604 2488 745 2572 Luculli,
768 2489 915 2573 divitem,
940 2490 1136 2556 difficillima

163 2575 295 2634 natura:
326 2572 416 2636 ouius
438 2575 484 2636 sic
505 2573 708 2656 asperitatem
731 2574 851 2638 veritus
873 2578 935 2656 est,
952 2578 1010 2657 ut,
1033 2596 1132 2658 quern

164 2673 259 2716 nemo
274 2653 359 2716 ferre
373 2661 491 2737 posset,
512 2657 608 2720 huius
625 2657 695 2721 sine
710 2658 888 2722 offensione
909 2657 950 2722 ad
971 2679 1134 2722 summam

165 2739 361 2801 senectutem
376 2739 545 2802 retinuerit
558 2740 823 2822 benevolentiam.
862 2761 926 2825 quo
944 2741 1031 2806 facto
1054 2743 1135 2806 tulit

135 2822 294 2905 epistolis
315 2819 465 2886 fructum.
503 2821 659 2888 Caecilius
674 2825 761 2889 enim
782 2827 922 2890 moriens
935 2828 1134 2890 testamento

165 2905 331 2989 adoptarit
352 2926 425 2969 eum
439 2905 651 2990 heredemque
666 2905 745 2972 fecit
757 2931 796 2974 ex
811 2909 982 2974 dodrante:
1004 2930 1044 2974 ex
1066 2930 1135 2992 qua

134 2987 342 3054 ahereditate
369 2990 493 3073 accepit
518 2990 645 3054 circiter
672 2994 792 3058 centies
819 2993 1011 3058 sestertium.
1061 2998 1135 3057 erat

162 3077 265 3154 nupta
286 3094 378 3138 soror
391 3075 493 3138 Attici
512 3073 548 3148 Q.
564 3073 671 3139 'Pallio
688 3074 845 3159 Ciceroni,
868 3097 984 3172 eaeque
997 3077 1134 3158 nuptias

163 3152 207 3217 M.
231 3154 342 3221 Cicero
365 3158 560 3240 conciliarat,
583 3177 656 3222 cum
677 3180 742 3242 quo
764 3181 784 3222 a
805 3158 1062 3242 condiscipulatu
1084 3161 1134 3223 vi·

162 3237 260 3300 rebat
280 3241 550 3322 coniunctissime,
574 3242 676 3306 multo
699 3243 797 3306 etiam
817 3241 1009 3306 familiarius
1032 3263 1134 3326 quarn

163 3341 236 3385 cum
260 3317 396 3403 Quinto,
423 3329 461 3388 ut
481 3324 616 3388 iudicari
637 3325 741 3407 possit
760 3325 833 3408 plus
855 3326 890 3388 in
912 3325 1055 3390 amicitia
1077 3347 1134 3389 va-

130 3403 229 3468 alere
251 3403 493 3470 similitudinem
514 3428 640 3471 morum
662 3428 759 3489 quam
780 3409 982 3473 affinitatem.
1019 3410 1134 3474 uteba·

161 3489 216 3548 tur
236 3488 344 3549 autem
365 3485 478 3549 intime
507 3487 545 3562 Q.
567 3488 758 3573 Hortensio,
786 3492 842 3573 qui
863 3491 903 3555 iis
929 3493 1135 3576 temporibus
