2456 3884
398 295 449 345 nr.
480 295 674 346 rnrsrrnns.
699 295 774 345 1-3.
1033 286 1073 354 15

102 455 137 500 se
165 435 317 531 ignorare
345 431 526 515 Aristiden,
553 433 608 496 sed
634 393 695 510 sihi
722 453 790 496 non
816 432 958 518 placere,
988 437 1072 518 quod

103 525 172 583 tam
195 517 310 600 cupide
331 516 517 612 laborasset,
539 519 577 580 ut
596 519 723 599 praeter
745 521 866 614 ceteros
887 518 996 583 Iustus
1019 541 1071 602 ap-

105 603 288 686 pellaretur.
333 598 525 664 irredeeem
553 621 711 664 annorum
732 600 910 684 legitimam
934 623 1072 685 poenam

1 743 2 748 ,
104 707 175 750 non
200 684 342 782 pertulit.
393 704 469 748 nam
496 687 667 767 postquam
693 683 815 748 Xerxes
841 685 877 749 in
905 683 1102 751 Graeciame

1 816 3 848 ,
106 768 285 850 descendit,
313 770 404 831 sexto
426 766 494 865 fere
519 789 605 865 anno
627 789 724 851 quam
746 771 815 833 erat
835 770 995 854 expulsus,
1016 791 1073 852 po·

105 853 175 936 puli
198 853 279 916 scito
300 853 337 915 in
357 855 497 935 patriam
510 855 676 916 restitutus
692 855 749 916 est.

1 983 2 1020 5
191 934 345 1000 Interfuit
372 937 480 999 autern
506 955 634 1020 pugnae
655 937 763 1000 navali
791 937 876 1019 apud
898 936 1109 1022 Salamina‚2
1168 951 1171 958 '

1 1027 2 1064 ἰ
108 1041 190 1104 quae
212 1019 299 1084 facta
320 1021 369 1083 est
390 1019 480 1102 prius
501 1040 598 1101 quam
619 1041 724 1103 poena
744 1020 943 1086 liberaretur.
987 1023 1073 1088 idem

107 1107 238 1188 praetor
258 1103 323 1168 fuit
342 1103 591 1168 Atheniensium
610 1103 694 1187 apud
715 1103 863 1170 Plataeas
882 1106 919 1171 in
937 1108 1090 1190 proelio,-

1 1179 3 1210 ‘
108 1210 175 1272 quo
195 1187 383 1252 Mardonius
404 1187 495 1252 tirsus
509 1188 781 1270 barbarorumque
797 1191 953 1255 exereitus
975 1190 1073 1255 inter-

108 1271 216 1336 iectus
238 1275 295 1335 est.
337 1291 439 1354 neque
460 1271 549 1335 alind
571 1275 619 1336 est
639 1272 741 1335 ullum
762 1273 858 1336 huius
876 1274 913 1337 in
933 1295 969 1337 re
989 1275 1103 1338 mili-2

109 1355 174 1419 tari
201 1354 327 1418 illustre
353 1355 471 1418 factum
504 1355 728 1438 quam-huius
755 1356 882 1439 imperii
909 1358 1073 1440 memoria,

106 1438 251 1502 iustitiae
272 1457 349 1508 ,vero
372 1441 405 1502 et
425 1441 595 1522 aequitatis
623 1443 656 1503 et
675 1439 880 1504 innocentiae
901 1441 1016 1524 multa,
1038 1442 1074 1506 in

1 1557 2 1601 q
107 1523 232 1606 primis,
254 1521 341 1605 quod
363 1523 431 1586 eius
452 1523 612 1606 aequitate
627 1522 750 1588 factum
765 1529 821 1606 est,
844 1541 916 1588 cunr
937 1525 974 1588 in
990 1547 1074 1590 eom-

1 1607 2 1616 ’
108 1607 200 1670 muni
216 1605 314 1670 classe
334 1609 418 1670 esset
439 1606 591 1672 Graeciae
613 1608 708 1672 simul
731 1628 803 1672 cum
817 1607 987 1692 Pausania,
1009 1631 1073 1697 qpo

107 1690 188 1754 duce
203 1689 392 1754 Mardonius
408 1694 476 1754 erat
493 1691 630 1776 fugatus,
645 1696 682 1755 nt
696 1713 820 1756 summa
834 1693 961 1776 imperii
980 1695 1073 1757 mari·

106 1774 181 1838 timi
200 1774 241 1839 ab
262 1773 523 1872 Lacedaemoniis
541 1775 823 1873 transferreturad
843 1777 1072 1843 Athenienses:

105 1858 1103 2039 tueleutherii”emitterentur³

105 2029 185 2090 niae
208 2029 242 2090 et
262 2026 381 2090 iustitia
410 2025 532 2092 factum
553 2031 601 2091 est
622 2026 788 2108 Aristrdls,
815 2030 854 2090 ut
874 2047 985 2092 omnes
1007 2027 1074 2092 fere

106 2111 259 2174 civitates
288 2108 437 2174 Graeciae
471 2111 511 2174 ad
544 2111 792 2174 Atheniensium
822 2111 1007 2176 societatem
1041 2133 1074 2175 se

107 2193 311 2291 applicarent
336 2198 370 2259 et
398 2193 548 2258 adversus
575 2195 727 2260 barbaros
754 2195 815 2258 hos
841 2194 935 2259 duces
958 2194 1074 2281 delige·

108 2278 284 2436 miliia
306 2383 371 2446 quo
399 2362 526 2426 facilius
552 2363 757 2446 repellerent,
787 2363 815 2427 si
841 2362 926 2427 forte
953 2363 1111 2428 bellum3

108 2466 266 2510 renovare
281 2449 483 2530 conarentur,
496 2445 536 2511 ed
550 2447 666 2510 classes
680 2444 891 2510 aedificandas
906 2446 1074 2510 exercitus-

109 2550 173 2676 pue
195 2530 428 2613 comparandos
442 2533 599 2613 qnantum
620 2530 774 2614 pecuniae
796 2549 940 2612 quaeque
963 2529 1075 2594 civitas

1 2608 2 2653 l
132 2617 216 2697 aret,
246 2612 403 2678 Aristides
432 2613 573 2679 delectus
601 2614 727 2696 estqui
749 2613 971 2698 constitueret,
994 2615 1075 2678 eius·
1099 2658 1105 2670 .

1 2703 3 2736 ³
110 2718 175 2780 que
202 2698 335 2762 arbitrio
357 2696 578 2783 quadringena
600 2701 633 2762 et
654 2717 813 2793 sexagena
838 2697 961 2762 talenta
982 2700 1075 2780 'quot-

108 2781 206 2846 annis
231 2780 348 2846 Delum
376 2785 453 2846 sunt
477 2782 608 2846 collata:
637 2781 671 2845 id
693 2802 778 2845 emm
800 2801 969 2845 commune
990 2801 1075 2844 aera-

108 2865 197 2928 rium
223 2885 292 2930 erse
318 2865 501 2930 voluenmt.
549 2886 630 2948 quae
652 2866 756 2930 omnis
784 2865 920 2947 pecunia
945 2867 1074 2945 postero

108 2953 257 3032 tempore
277 2949 423 3014 Athenas
443 2949 599 3014 translata
620 2952 676 3013 eet.
713 2949 766 3013 hie
781 2969 845 3031 qua
866 2947 964 3010 fuerit
977 2947 1104 3012 abati-a

7 3064 12 3079 ·
108 3033 232 3116 nentia,
254 3033 381 3098 nullum
396 3037 445 3097 est
464 3033 580 3098 certius
594 3033 758 3114 indicium,
781 3029 987 3114 quam‘quod,
1002 3051 1075 3096 cum
1124 3049 1130 3057 ‘

107 3117 210 3180 tantia
231 3117 327 3181 rebus
348 3116 548 3200 praefuisset,
568 3117 606 3180 in
619 3120 711 3180 tanta
730 3117 916 3199 paupertate
932 3114 1075 3200 decessit,

108 3204 148 3264 ut
163 3201 219 3284 qui
230 3201 396 3265 efferretur
406 3202 461 3266 vix
471 3201 646 3284 reliquerit
679 3220 744 3284 quo
753 3198 874 3262 factum
885 3202 933 3264 est
942 3203 980 3264 ut
989 3199 1073 3264 filiae
1089 3213 1106 3262 a

108 3285 179 3349 eius
201 3284 330 3368 publice
343 3271 507 3350 alerentur
520 3288 561 3350 'et
574 3284 613 3348 de
628 3283 790 3348 communi
810 3285 932 3348 aerario
948 3283 1076 3348 dotibus

108 3369 193 3433 datis
215 3369 473 3434 consecrentur„
503 3367 637 3433 decessit
658 3371 766 3432 autem
779 3367 846 3432 fere
860 3371 934 3450 post
955 3387 1075 3431 annum

108 3457 272 3538 quartum,
294 3473 392 3538 quarn
414 3451 644 3519 'themistocles
667 3451 804 3516 Athenis
826 3456 895 3516 erat
915 3451 1074 3534 expulsus.
